@article{canny1986computational,
    title = {{A computational approach to edge detection}},
    year = {1986},
    journal = {IEEE Transactions on pattern analysis and machine intelligence},
    author = {Canny, John},
    number = {6},
    pages = {679--698},
    publisher = {IEEE}
}

@article{tanaka2004holistic,
    title = {{A holistic account of the own-race effect in face recognition: Evidence from a cross-cultural study}},
    year = {2004},
    journal = {Cognition},
    author = {Tanaka, James W and Kiefer, Markus and Bukach, Cindy M},
    number = {1},
    pages = {B1--B9},
    volume = {93},
    publisher = {Elsevier}
}

@inproceedings{yang2015large,
    title = {{A large-scale car dataset for fine-grained categorization and verification}},
    year = {2015},
    booktitle = {Proceedings of the IEEE Conference on Computer Vision and Pattern Recognition},
    author = {Yang, Linjie and Luo, Ping and Change Loy, Chen and Tang, Xiaoou},
    pages = {3973--3981}
}

@article{mcculloch1943logical,
    title = {{A logical calculus of the ideas immanent in nervous activity}},
    year = {1943},
    journal = {The bulletin of mathematical biophysics},
    author = {McCulloch, Warren S and Pitts, Walter},
    number = {4},
    pages = {115--133},
    volume = {5},
    publisher = {Springer}
}

@article{laughlin1981simple,
    title = {{A simple coding procedure enhances a neuron's information capacity}},
    year = {1981},
    journal = {Zeitschrift f{\"{u}}r Naturforschung c},
    author = {Laughlin, Simon},
    number = {9-10},
    pages = {910--912},
    volume = {36}
}

@article{mccloskey1989catastrophic,
    title = {{Catastrophic interference in connectionist networks: The sequential learning problem}},
    year = {1989},
    journal = {Psychology of learning and motivation},
    author = {McCloskey, Michael and Cohen, Neal J},
    pages = {109--165},
    volume = {24},
    publisher = {Elsevier}
}

@inproceedings{mcrae1993catastrophic,
    title = {{Catastrophic interference is eliminated in pretrained networks}},
    year = {1993},
    booktitle = {Proceedings of the 15h Annual Conference of the Cognitive Science Society},
    author = {McRae, Ken and Hetherington, Phil A},
    pages = {723--728}
}

@inproceedings{sharif2014cnn,
    title = {{CNN features off-the-shelf: an astounding baseline for recognition}},
    year = {2014},
    booktitle = {Proceedings of the IEEE Conference on Computer Vision and Pattern Recognition Workshops},
    author = {Sharif Razavian, Ali and Azizpour, Hossein and Sullivan, Josephine and Carlsson, Stefan},
    pages = {806--813}
}

@incollection{fine_tuning_or_full_training,
    title = {{Convolutional Neural Networks for Medical Image Analysis: Fine Tuning or Full Training?}},
    year = {2016},
    booktitle = {IEEE Transactions on Medical Imaging 35},
    author = {Gotway, M B and Gurudu, S R and R.T., Hurstm and Kendall, C B and J., Liang and Shin, J Y and Tajbakhsh, N},
    pages = {1299--1312},
    publisher = {IEEE}
}

@article{ciresan80deep,
    title = {{Deep big simple neural nets excel on handwritten digit recognition, 2010}},
    journal = {Cited on},
    author = {Ciresan, Dan Claudiu and Meier, Ueli and Gambardella, Luca Maria and Schmidhuber, Jürgen},
    volume = {80}
}

@article{srivastava2014dropout,
    title = {{Dropout: a simple way to prevent neural networks from overfitting.}},
    year = {2014},
    journal = {Journal of Machine Learning Research},
    author = {Srivastava, Nitish and Hinton, Geoffrey E and Krizhevsky, Alex and Sutskever, Ilya and Salakhutdinov, Ruslan},
    number = {1},
    pages = {1929--1958},
    volume = {15}
}

@article{behrman2001eyewitness,
    title = {{Eyewitness identification in actual criminal cases: an archival analysis.}},
    year = {2001},
    journal = {Law and human behavior},
    author = {Behrman, Bruce W and Davey, Sherrie L},
    number = {5},
    pages = {475},
    volume = {25},
    publisher = {Springer}
}

@article{cnns_feature_extraction,
    title = {{Feature Representation In Convolutional Neural Networks}},
    author = {Athiwaratkun, Ben and Kang, Keegan}
}

@inproceedings{azizpour2015generic,
    title = {{From generic to specific deep representations for visual recognition}},
    year = {2015},
    booktitle = {Proceedings of the IEEE Conference on Computer Vision and Pattern Recognition Workshops},
    author = {Azizpour, Hossein and Sharif Razavian, Ali and Sullivan, Josephine and Maki, Atsuto and Carlsson, Stefan},
    pages = {36--45}
}

@inproceedings{goodfellow2014generative,
    title = {{Generative adversarial nets}},
    year = {2014},
    booktitle = {Advances in neural information processing systems},
    author = {Goodfellow, Ian and Pouget-Abadie, Jean and Mirza, Mehdi and Xu, Bing and Warde-Farley, David and Ozair, Sherjil and Courville, Aaron and Bengio, Yoshua},
    pages = {2672--2680}
}

@inproceedings{szegedy2015going,
    title = {{Going deeper with convolutions}},
    year = {2015},
    booktitle = {Proceedings of the IEEE Conference on Computer Vision and Pattern Recognition},
    author = {Szegedy, Christian and Liu, Wei and Jia, Yangqing and Sermanet, Pierre and Reed, Scott and Anguelov, Dragomir and Erhan, Dumitru and Vanhoucke, Vincent and Rabinovich, Andrew},
    pages = {1--9}
}

@article{selvaraju2016grad,
    title = {{Grad-cam: Why did you say that? visual explanations from deep networks via gradient-based localization}},
    year = {2016},
    journal = {arXiv preprint arXiv:1610.02391},
    author = {et al., Selvaraju}
}

@article{lecun1998gradient,
    title = {{Gradient-based learning applied to document recognition}},
    year = {1998},
    journal = {Proceedings of the IEEE},
    author = {LeCun, Yann and Bottou, Léon and Bengio, Yoshua and Haffner, Patrick},
    number = {11},
    pages = {2278--2324},
    volume = {86},
    publisher = {IEEE}
}

@article{ardovini2008identifying,
    title = {{Identifying elephant photos by multi-curve matching}},
    year = {2008},
    journal = {Pattern Recognition},
    author = {Ardovini, Alessandro and Cinque, Luigi and Sangineto, Enver},
    number = {6},
    pages = {1867--1877},
    volume = {41},
    publisher = {Elsevier}
}

@article{pix2pix2016,
    title = {{Image-to-Image Translation with Conditional Adversarial Networks}},
    year = {2016},
    journal = {arxiv},
    author = {Isola, Phillip and Zhu, Jun-Yan and Zhou, Tinghui and Efros, Alexei A}
}

@incollection{NIPS2012_4824,
    title = {{ImageNet Classification with Deep Convolutional Neural Networks}},
    year = {2012},
    booktitle = {Advances in Neural Information Processing Systems 25},
    author = {Krizhevsky, Alex and Sutskever, Ilya and Hinton, Geoffrey E},
    editor = {Pereira, F and Burges, C J C and Bottou, L and Weinberger, K Q},
    pages = {1097--1105},
    publisher = {Curran Associates, Inc.}
}

@misc{imgnetlsvcr2010,
    title = {{ImageNet Large Scale Visual Recognition Challenge 2010 (ILSVRC2010)}},
    howpublished = {{\textbackslash}url{\{}http://image-net.org/challenges/LSVRC/2010/{\}}}
}

@book{IEEE2019Systems,
    title = {{ Ethically Aligned Design: A Vision for Prioritizing Human Well-being with Autonomous and Intelligent Systems}},
    year = {2019},
    author = {{IEEE}},
    edition = {2},
    publisher = {IEEE}
}

@misc{etal.2015Systems,
    title = {{ TensorFlow: Large-Scale Machine Learning on Heterogeneous Systems}},
    year = {2015},
    author = {et al., Mart\'{\i}n~Abadi}
}

@article{Overton2013ExplainDiscourse,
    title = {{"Explain" in scientific discourse}},
    year = {2013},
    journal = {Synthese},
    author = {Overton, James A.},
    number = {8},
    pages = {1383--1405},
    volume = {190},
    doi = {10.1007/s11229-012-0109-8},
    issn = {00397857},
    keywords = {Explanation, Methodology, Philosophy of science, Text mining}
}

@inproceedings{Ribeiro2016WhyClassifier,
    title = {{"Why Should I Trust You?": Explaining the Predictions of Any Classifier}},
    year = {2016},
    booktitle = {22nd ACM SIGKDD International Conference on Knowledge Discovery and Data Mining},
    author = {Ribeiro, Marco Tulio and Singh, Sameer and Guestrin, Carlos},
    month = {2},
    pages = {1135--1144},
    publisher = {ACM}
}

@inproceedings{Kovarik2020WhenDebate,
    title = {{(When) Is Truth-telling Favored in AI Debate?}},
    year = {2020},
    booktitle = {SafeAI@AAAI},
    author = {Kova{\v{r}}{\'{i}}k, Vojtěch and Carey, Ryan},
    arxivId = {1911.04266v2}
}

@article{Simon1955AChoice,
    title = {{A Behavioral Model of Rational Choice}},
    year = {1955},
    journal = {The Quarterly Journal of Economics},
    author = {Simon, Herbert A.},
    number = {1},
    month = {2},
    pages = {99},
    volume = {69},
    doi = {10.2307/1884852}
}

@article{Chiappa2019AFairness,
    title = {{A Causal Bayesian Networks Viewpoint on Fairness}},
    year = {2019},
    author = {Chiappa, Silvia and Isaac, William S.},
    month = {7},
    url = {http://arxiv.org/abs/1907.06430 http://dx.doi.org/10.1007/978-3-030-16744-8_1},
    doi = {10.1007/978-3-030-16744-8{\_}1},
    arxivId = {1907.06430}
}

@article{Garcia2015ALearning,
    title = {{A comprehensive survey on safe reinforcement learning}},
    year = {2015},
    journal = {The Journal of Machine Learning Research},
    author = {Garc{\'{i}}a, Javier and Fern{\'{a}}ndez, Fernando},
    number = {1},
    pages = {1437--1480},
    volume = {16},
    url = {https://dl.acm.org/citation.cfm?id=2886795}
}

@article{Golland2010ADescriptions,
    title = {{A Game-Theoretic Approach to Generating Spatial Descriptions}},
    year = {2010},
    journal = {undefined},
    author = {Golland, Dave and Liang, Percy and Klein, Dan}
}

@techreport{Shannon1948ACommunication,
    title = {{A Mathematical Theory of Communication}},
    year = {1948},
    booktitle = {The Bell System Technical Journal},
    author = {Shannon, C E},
    pages = {623--656},
    volume = {27}
}

@article{Rathmanner2011AInduction,
    title = {{A Philosophical Treatise of Universal Induction}},
    year = {2011},
    author = {Rathmanner, Samuel and Hutter, Marcus},
    month = {5},
    url = {http://arxiv.org/abs/1105.5721 http://dx.doi.org/10.3390/e13061076},
    doi = {10.3390/e13061076},
    arxivId = {1105.5721}
}

@inproceedings{Luketina2019ALanguage,
    title = {{A Survey of Reinforcement Learning Informed by Natural Language}},
    year = {2019},
    booktitle = {Proceedings of the Twenty-Eighth International Joint Conference on Artificial Intelligence},
    author = {Luketina, Jelena and Nardelli, Nantas and Farquhar, Gregory and Foerster, Jakob and Andreas, Jacob and Grefenstette, Edward and Whiteson, Shimon and Rockt{\"{a}}schel, Tim},
    month = {8},
    pages = {6309--6317},
    publisher = {International Joint Conferences on Artificial Intelligence Organization},
    url = {https://www.ijcai.org/proceedings/2019/880},
    address = {California},
    isbn = {978-0-9992411-4-1},
    doi = {10.24963/ijcai.2019/880}
}

@article{Argall2009ADemonstration,
    title = {{A survey of robot learning from demonstration}},
    year = {2009},
    journal = {Robotics and Autonomous Systems},
    author = {Argall, Brenna D. and Chernova, Sonia and Veloso, Manuela and Browning, Brett},
    number = {5},
    month = {5},
    pages = {469--483},
    volume = {57},
    publisher = {North-Holland},
    url = {https://www.sciencedirect.com/science/article/abs/pii/S0921889008001772},
    doi = {10.1016/J.ROBOT.2008.10.024},
    issn = {0921-8890}
}

@book{Hume1740AUnderstanding,
    title = {{A Treatise of Human Nature, Book 1: Of the Understanding}},
    year = {1740},
    author = {Hume, David}
}

@book{Hume1740APassions,
    title = {{A Treatise of Human Nature, Book 2: Of the Passions}},
    year = {1740},
    author = {Hume, David}
}

@book{Hume1740AMorals,
    title = {{A Treatise of Human Nature, Book 3: Of Morals}},
    year = {1740},
    author = {Hume, David}
}

@techreport{Lehman2011AbandoningAlone,
    title = {{Abandoning Objectives: Evolution through the Search for Novelty Alone}},
    year = {2011},
    booktitle = {Evolutionary Computation journal},
    author = {Lehman, Joel and Stanley, Kenneth O},
    number = {19},
    pages = {189--223},
    publisher = {MIT Press},
    url = {https://www.cs.swarthmore.edu/~meeden/DevelopmentalRobotics/lehman_ecj11.pdf},
    keywords = {Evolutionary algorithms, deception, neuroevolution, novelty search, open-ended evo-lution}
}

@techreport{JosephsonAbductiveAbduction,
    title = {{Abductive Inference Computation, Philosophy, Technology Chapter 1 Conceptual analysis of abduction What is abduction?}},
    author = {Josephson, John R and Josephson, Susan G}
}

@techreport{Settles2009ActiveSurvey,
    title = {{Active Learning Literature Survey}},
    year = {2009},
    author = {Settles, Burr},
    institution = {University of Wisconsin–Madison},
    keywords = {active learning, literature survey, machine learning}
}

@article{Ilyas2019AdversarialFeatures,
    title = {{Adversarial Examples Are Not Bugs, They Are Features}},
    year = {2019},
    author = {Ilyas, Andrew and Santurkar, Shibani and Tsipras, Dimitris and Engstrom, Logan and Tran, Brandon and Madry, Aleksander},
    month = {5},
    url = {http://arxiv.org/abs/1905.02175},
    arxivId = {1905.02175}
}

@inproceedings{Soares2017AgentAgenda,
    title = {{Agent Foundations for Aligning Machine Intelligence with Human Interests: A Technical Research Agenda}},
    year = {2017},
    author = {Soares, Nate and Fallenstein, Benya},
    publisher = {The Technological Singularity: Managing the Journey},
    url = {https://intelligence.org/files/TechnicalAgenda.pdf},
    organization = {Machine Intelligence Research Institute},
    isbn = {9783662540312}
}

@article{Abel2017Agent-AgnosticLearning,
    title = {{Agent-Agnostic Human-in-the-Loop Reinforcement Learning}},
    year = {2017},
    author = {Abel, David and Salvatier, John and Stuhlm{\"{u}}ller, Andreas and Evans, Owain},
    month = {1},
    url = {http://arxiv.org/abs/1701.04079},
    arxivId = {1701.04079}
}

@article{Orseau2018AgentsAgency,
    title = {{Agents and Devices: A Relative Definition of Agency}},
    year = {2018},
    author = {Orseau, Laurent and McGill, Simon McGregor and Legg, Shane},
    month = {5},
    url = {http://arxiv.org/abs/1805.12387},
    arxivId = {1805.12387}
}

@inproceedings{Everitt2018AGIReview,
    title = {{AGI Safety Literature Review}},
    year = {2018},
    booktitle = {Proceedings of the Twenty-Seventh International Joint Conference on Artificial Intelligence},
    author = {Everitt, Tom and Lea, Gary and Hutter, Marcus},
    month = {7},
    pages = {5441--5449},
    publisher = {International Joint Conferences on Artificial Intelligence Organization},
    url = {https://www.ijcai.org/proceedings/2018/768},
    address = {California},
    isbn = {9780999241127},
    doi = {10.24963/ijcai.2018/768}
}

@article{Leike2017AIGridworlds,
    title = {{AI Safety Gridworlds}},
    year = {2017},
    author = {Leike, Jan and Martic, Miljan and Krakovna, Victoria and Ortega, Pedro A. and Everitt, Tom and Lefrancq, Andrew and Orseau, Laurent and Legg, Shane},
    month = {11},
    url = {http://arxiv.org/abs/1711.09883},
    arxivId = {1711.09883}
}

@article{Irving2018AIDebate,
    title = {{AI safety via debate}},
    year = {2018},
    author = {Irving, Geoffrey and Christiano, Paul and Amodei, Dario},
    month = {5},
    url = {http://arxiv.org/abs/1805.00899},
    arxivId = {1805.00899}
}

@inproceedings{Gehr2018AI2:Interpretation,
    title = {{AI2: Safety and Robustness Certification of Neural Networks with Abstract Interpretation}},
    year = {2018},
    booktitle = {2018 IEEE Symposium on Security and Privacy (SP)},
    author = {Gehr, Timon and Mirman, Matthew and Drachsler-Cohen, Dana and Tsankov, Petar and Chaudhuri, Swarat and Vechev, Martin},
    month = {5},
    pages = {3--18},
    publisher = {IEEE},
    url = {https://ieeexplore.ieee.org/document/8418593/},
    isbn = {978-1-5386-4353-2},
    doi = {10.1109/SP.2018.00058}
}

@techreport{TaylorAlignmentSystems,
    title = {{Alignment for Advanced Machine Learning Systems}},
    author = {Taylor, Jessica and Yudkowsky, Eliezer and Lavictoire, Patrick and Critch, Andrew},
    institution = {Machine Intelligence Research Institute}
}

@incollection{Legg2013AnMeasure,
    title = {{An Approximation of the Universal Intelligence Measure}},
    year = {2013},
    author = {Legg, Shane and Veness, Joel},
    pages = {236--249},
    url = {http://link.springer.com/10.1007/978-3-642-44958-1_18},
    doi = {10.1007/978-3-642-44958-1{\_}18}
}

@book{Hume1751AnUnderstanding,
    title = {{An Enquiry Concerning Human Understanding}},
    year = {1751},
    author = {Hume, David}
}

@article{Heider1944AnBehavior,
    title = {{An Experimental Study of Apparent Behavior}},
    year = {1944},
    journal = {The American Journal of Psychology},
    author = {Heider, Fritz and Simmel, Marianne},
    number = {2},
    month = {4},
    pages = {243},
    volume = {57},
    doi = {10.2307/1416950}
}

@article{Arrhenius2000AnAxiologies,
    title = {{An Impossibility Theorem for Welfarist Axiologies}},
    year = {2000},
    journal = {Economics and Philosophy},
    author = {Arrhenius, Gustaf},
    number = {2},
    pages = {247--266},
    volume = {16},
    doi = {10.1017/S0266267100000249},
    issn = {14740028}
}

@article{Goertzel2014ArtificialProspects,
    title = {{Artificial General Intelligence: Concept, State of the Art, and Future Prospects}},
    year = {2014},
    journal = {Journal of Artificial General Intelligence},
    author = {Goertzel, Ben},
    number = {1},
    month = {12},
    pages = {1--48},
    volume = {5},
    url = {http://content.sciendo.com/view/journals/jagi/5/1/article-p1.xml},
    doi = {10.2478/jagi-2014-0001},
    issn = {1946-0163}
}

@inproceedings{Yudkowsky2008ArtificialRisk,
    title = {{Artificial Intelligence as a Positive and Negative Factor in Global Risk}},
    year = {2008},
    booktitle = {Global Catastrophic Risks},
    author = {Yudkowsky, Eliezer},
    editor = {Bostrom, Nick and {\'{C}}irkovi{\'{c}}, Milan M.},
    publisher = {Oxford University Press},
    address = {New York}
}

@book{Campbell2004AssessingModel,
    title = {{Assessing Teacher Effectiveness: Developing a Differentiated Model}},
    year = {2004},
    author = {Campbell, Jim and Kyriakides, Leonidas and Muijs, Daniel and Robinson, Wendy},
    publisher = {RoutledgeFalmer (Taylor and Francis Group)}
}

@misc{Goodfellow2017AttackingExamples,
    title = {{Attacking Machine Learning with Adversarial Examples}},
    year = {2017},
    author = {Goodfellow, Ian and Papernot, Nicolas and Huang, Sandy and Duan, Rocky and Abbeel, Pieter and Clark, Jack},
    url = {https://openai.com/blog/adversarial-example-research/}
}

@article{Vaswani2017AttentionNeed,
    title = {{Attention Is All You Need}},
    year = {2017},
    author = {Vaswani, Ashish and Shazeer, Noam and Parmar, Niki and Uszkoreit, Jakob and Jones, Llion and Gomez, Aidan N. and Kaiser, Lukasz and Polosukhin, Illia},
    month = {6},
    url = {http://arxiv.org/abs/1706.03762},
    arxivId = {1706.03762}
}

@article{Leibo2019AutocurriculaResearch,
    title = {{Autocurricula and the Emergence of Innovation from Social Interaction: A Manifesto for Multi-Agent Intelligence Research}},
    year = {2019},
    author = {Leibo, Joel Z. and Hughes, Edward and Lanctot, Marc and Graepel, Thore},
    month = {3},
    url = {http://arxiv.org/abs/1903.00742},
    arxivId = {1903.00742}
}

@article{Leibo2019AutocurriculaResearchb,
    title = {{Autocurricula and the Emergence of Innovation from Social Interaction: A Manifesto for Multi-Agent Intelligence Research}},
    year = {2019},
    author = {Leibo, Joel Z. and Hughes, Edward and Lanctot, Marc and Graepel, Thore},
    month = {3},
    url = {http://arxiv.org/abs/1903.00742},
    arxivId = {1903.00742}
}

@article{Chin-Parker2010BackgroundExplanations,
    title = {{Background Shifts Affect Explanatory Style: How a Pragmatic Theory of Explanation Accounts for Background Effects in the Generation of Explanations}},
    year = {2010},
    journal = {Cognitive Processing},
    author = {Chin-Parker, Seth and Bradner, Alexandra},
    number = {3},
    month = {8},
    pages = {227--249},
    volume = {11},
    doi = {10.1007/s10339-009-0341-4},
    keywords = {Cognition, Explanation generation, Pragmatics of explanation}
}

@article{Werbos1990BackpropagationIt,
    title = {{Backpropagation through time: what it does and how to do it}},
    year = {1990},
    journal = {Proceedings of the IEEE},
    author = {Werbos, P.J.},
    number = {10},
    pages = {1550--1560},
    volume = {78},
    url = {http://ieeexplore.ieee.org/document/58337/},
    doi = {10.1109/5.58337},
    issn = {00189219}
}

@article{Leike2015BadOptimality,
    title = {{Bad Universal Priors and Notions of Optimality}},
    year = {2015},
    author = {Leike, Jan and Hutter, Marcus},
    month = {10},
    url = {http://arxiv.org/abs/1510.04931},
    arxivId = {1510.04931}
}

@incollection{Talbott2016BayesianEpistemology,
    title = {{Bayesian Epistemology}},
    year = {2016},
    booktitle = {Stanford Encyclopedia of Philosophy},
    author = {Talbott, William},
    editor = {Zalta, Edward N.},
    edition = {Winter 2016},
    publisher = {Metaphysics Research Lab, Stanford University}
}

@article{Fagin1987BeliefReasoning,
    title = {{Belief, awareness, and limited reasoning}},
    year = {1987},
    journal = {Artificial Intelligence},
    author = {Fagin, Ronald and Halpern, Joseph Y.},
    number = {1},
    month = {12},
    pages = {39--76},
    volume = {34},
    url = {https://linkinghub.elsevier.com/retrieve/pii/0004370287900038},
    doi = {10.1016/0004-3702(87)90003-8},
    issn = {00043702}
}

@incollection{Nivel2014BoundedSeed-AGI,
    title = {{Bounded Seed-AGI}},
    year = {2014},
    author = {Nivel, Eric and Th{\'{o}}risson, Kristinn R. and Steunebrink, Bas R. and Dindo, Haris and Pezzulo, Giovanni and Rodr{\'{i}}guez, Manuel and Hern{\'{a}}ndez, Carlos and Ognibene, Dimitri and Schmidhuber, Jürgen and Sanz, Ricardo and Helgason, Helgi P. and Chella, Antonio},
    pages = {85--96},
    url = {http://link.springer.com/10.1007/978-3-319-09274-4_9},
    doi = {10.1007/978-3-319-09274-4{\_}9}
}

@book{Huxley1932BraveWorld,
    title = {{Brave New World}},
    year = {1932},
    author = {Huxley, Aldous},
    pages = {268},
    publisher = {Chatto {\&} Windus}
}

@inproceedings{Majha2019CategorizingAgents,
    title = {{Categorizing Wireheading in Partially Embedded Agents}},
    year = {2019},
    booktitle = {International Joint Conference on Artificial Intelligence (AISafety@IJCAI 19)},
    author = {Majha, Arushi and Sarkar, Sudeshna and Zagami, Davide}
}

@incollection{Lewis1986CausalExplanation,
    title = {{Causal Explanation}},
    year = {1986},
    booktitle = {Philosophical Papers Vol. II},
    author = {Lewis, David},
    pages = {214--240},
    publisher = {Oxford University Press}
}

@book{Pearl2000CausalityInference,
    title = {{Causality : Models, Reasoning, and Inference}},
    year = {2000},
    author = {Pearl, Judea.},
    pages = {384},
    publisher = {Cambridge University Press},
    isbn = {9780521773621}
}

@article{Lewis1973Causation,
    title = {{Causation}},
    year = {1973},
    journal = {The Journal of Philosophy},
    author = {Lewis, David},
    number = {17},
    month = {10},
    pages = {556},
    volume = {70},
    doi = {10.2307/2025310}
}

@article{Halpern2005CausesCauses,
    title = {{Causes and Explanations: A Structural-Model Approach. Part I: Causes}},
    year = {2005},
    journal = {The British Journal for the Philosophy of Science},
    author = {Halpern, J. Y. and Pearl, Judea},
    number = {4},
    month = {9},
    pages = {843--887},
    volume = {56},
    doi = {10.1093/bjps/axi147}
}

@article{Halpern2005CausesExplanations,
    title = {{Causes and Explanations: A Structural-Model Approach. Part II: Explanations}},
    year = {2005},
    journal = {The British Journal for the Philosophy of Science},
    author = {Halpern, J. Y. and Pearl, Judea},
    number = {4},
    month = {9},
    pages = {889--911},
    volume = {56},
    doi = {10.1093/bjps/axi148}
}

@article{Crockford2018ChimpanzeeContext,
    title = {{Chimpanzee quiet hoo variants differ according to context}},
    year = {2018},
    journal = {Royal Society Open Science},
    author = {Crockford, Catherine and Gruber, Thibaud and Zuberb{\"{u}}hler, Klaus},
    number = {5},
    month = {5},
    pages = {172066},
    volume = {5},
    publisher = {The Royal Society Publishing},
    doi = {10.1098/rsos.172066}
}

@article{Lenton2019ClimateAgainst,
    title = {{Climate tipping points — too risky to bet against}},
    year = {2019},
    journal = {Nature},
    author = {Lenton, Timothy M. and Rockstr{\"{o}}m, Johan and Gaffney, Owen and Rahmstorf, Stefan and Richardson, Katherine and Steffen, Will and Schellnhuber, Hans Joachim},
    number = {7784},
    month = {11},
    pages = {592--595},
    volume = {575},
    url = {http://www.nature.com/articles/d41586-019-03595-0},
    doi = {10.1038/d41586-019-03595-0},
    issn = {0028-0836}
}

@article{Bourgin2019CognitiveDecisions,
    title = {{Cognitive Model Priors for Predicting Human Decisions}},
    year = {2019},
    author = {Bourgin, David D. and Peterson, Joshua C. and Reichman, Daniel and Griffiths, Thomas L. and Russell, Stuart J.},
    month = {5},
    url = {http://arxiv.org/abs/1905.09397},
    arxivId = {1905.09397}
}

@techreport{Yudkowsky2004CoherentVolition,
    title = {{Coherent Extrapolated Volition}},
    year = {2004},
    author = {Yudkowsky, Eliezer},
    institution = {Machine Intelligence Research Institute},
    address = {San Francisco}
}

@article{PrashantParikh1991CommunicationInference,
    title = {{Communication and Strategic Inference}},
    year = {1991},
    journal = {Linguistics and Philosophy},
    author = {{Prashant Parikh}},
    number = {5},
    pages = {473--514},
    volume = {14}
}

@article{Gerbrandy2007CommunicationGames,
    title = {{Communication strategies in games}},
    year = {2007},
    journal = {Journal of Applied Non-Classical Logics},
    author = {Gerbrandy, Jelle},
    number = {2},
    month = {1},
    pages = {197--211},
    volume = {17},
    doi = {10.3166/jancl.17.197-211}
}

@inproceedings{Yudkowsky2011ComplexAI,
    title = {{Complex Value Systems in Friendly AI}},
    year = {2011},
    booktitle = {International Conference on Artificial General Intelligence},
    author = {Yudkowsky, Eliezer},
    pages = {388--393}
}

@article{Turing1950ComputingIntelligence,
    title = {{Computing Machinery and Intelligence}},
    year = {1950},
    journal = {Mind},
    author = {Turing, Alan M.},
    number = {236},
    month = {10},
    pages = {433--460},
    volume = {LIX},
    url = {https://academic.oup.com/mind/article/LIX/236/433/986238},
    doi = {10.1093/mind/LIX.236.433}
}

@article{Amodei2016ConcreteSafety,
    title = {{Concrete Problems in AI Safety}},
    year = {2016},
    author = {Amodei, Dario and Olah, Chris and Steinhardt, Jacob and Christiano, Paul and Schulman, John and Man{\'{e}}, Dan},
    month = {6},
    url = {http://arxiv.org/abs/1606.06565},
    arxivId = {1606.06565}
}

@article{Vitanyi2013ConditionalProbability,
    title = {{Conditional Kolmogorov Complexity and Universal Probability}},
    year = {2013},
    journal = {Theoretical Computer Science},
    author = {Vit{\'{a}}nyi, Paul M.B.},
    month = {8},
    pages = {93--100},
    volume = {501},
    doi = {10.1016/j.tcs.2013.07.009},
    arxivId = {1206.0983},
    keywords = {Coding Theorem for conditional versions, Conditional Kolmogorov complexity, Conditional universal probability, Definitions of conditional probability}
}

@article{Giordano2004ConditionalCausation,
    title = {{Conditional logic of actions and causation}},
    year = {2004},
    journal = {Artificial Intelligence},
    author = {Giordano, Laura and Schwind, Camilla},
    number = {1-2},
    month = {8},
    pages = {239--279},
    volume = {157},
    doi = {10.1016/j.artint.2004.04.009},
    issn = {00043702},
    keywords = {Action logics, Conditional logics, Reasoning about causality}
}

@incollection{Hadfield-Menell2016CooperativeLearning,
    title = {{Cooperative Inverse Reinforcement Learning}},
    year = {2016},
    booktitle = {Advances in Neural Information Processing Systems 29},
    author = {Hadfield-Menell, Dylan and Dragan, Anca and Abbeel, Pieter and Russell, Stuart},
    editor = {Lee, D. D. and Sugiyama, M. and Luxburg, U. V. and Guyon, I. and Garnett, R.},
    pages = {3909--3917},
    publisher = {Curran Associates, Inc.},
    arxivId = {1606.03137}
}

@inproceedings{Soares2015Corrigibility,
    title = {{Corrigibility}},
    year = {2015},
    booktitle = {AAAI Conference on Artificial Intelligence},
    author = {Soares, Nate and Fallenstein, Benja and Yudkowsky, Eliezer and Armstrong, Stuart},
    publisher = {AAAI Publications}
}

@article{Wachter2017CounterfactualGDPR,
    title = {{Counterfactual Explanations without Opening the Black Box: Automated Decisions and the GDPR}},
    year = {2017},
    author = {Wachter, Sandra and Mittelstadt, Brent and Russell, Chris},
    month = {11},
    url = {http://arxiv.org/abs/1711.00399},
    arxivId = {1711.00399}
}

@article{Ricke2018Country-levelCarbon,
    title = {{Country-level social cost of carbon}},
    year = {2018},
    journal = {Nature Climate Change},
    author = {Ricke, Katharine and Drouet, Laurent and Caldeira, Ken and Tavoni, Massimo},
    number = {10},
    month = {10},
    pages = {895--900},
    volume = {8},
    publisher = {Nature Publishing Group},
    doi = {10.1038/s41558-018-0282-y},
    issn = {17586798}
}

@article{Trivers1991DeceitConsciousness,
    title = {{Deceit and Self-Deception: The Relationship between Communication and Consciousness}},
    year = {1991},
    journal = {M. Robinson and L. Tiger (eds.) Man and Beast Revisited, Smithsonian, Washington, DC},
    author = {Trivers, Robert},
    pages = {175--191}
}

@article{Gal2017DeepData,
    title = {{Deep Bayesian Active Learning with Image Data}},
    year = {2017},
    author = {Gal, Yarin and Islam, Riashat and Ghahramani, Zoubin},
    month = {3},
    url = {http://arxiv.org/abs/1703.02910},
    arxivId = {1703.02910}
}

@inproceedings{Nguyen2015DeepImages,
    title = {{Deep neural networks are easily fooled: High confidence predictions for unrecognizable images}},
    year = {2015},
    booktitle = {2015 IEEE Conference on Computer Vision and Pattern Recognition (CVPR)},
    author = {Nguyen, Anh and Yosinski, Jason and Clune, Jeff},
    month = {6},
    pages = {427--436},
    publisher = {IEEE},
    url = {http://ieeexplore.ieee.org/document/7298640/},
    isbn = {978-1-4673-6964-0},
    doi = {10.1109/CVPR.2015.7298640}
}

@article{Such2017DeepLearning,
    title = {{Deep Neuroevolution: Genetic Algorithms Are a Competitive Alternative for Training Deep Neural Networks for Reinforcement Learning}},
    year = {2017},
    author = {Such, Felipe Petroski and Madhavan, Vashisht and Conti, Edoardo and Lehman, Joel and Stanley, Kenneth O. and Clune, Jeff},
    month = {12},
    url = {http://arxiv.org/abs/1712.06567},
    arxivId = {1712.06567}
}

@misc{Christiano2013Definability,
    title = {{Definability of Truth in Probabilistic Logic ( Early draft )}},
    year = {2013},
    author = {Christiano, Paul and Yudkowsky, Eliezer and Herreshoff, Marcello and B{\'{a}}r{\'{a}}sz, Mihály},
    url = {https://www.semanticscholar.org/paper/Definability-of-Truth-in-Probabilistic-Logic-(-)-Christiano-Yudkowsky/6e6f24ea848f11f308f05385bb1f5a436d7fcbd3}
}

@article{Schmidhuber2006DevelopmentalArts,
    title = {{Developmental robotics, optimal artificial curiosity, creativity, music, and the fine arts}},
    year = {2006},
    journal = {Connection Science},
    author = {Schmidhuber, Jürgen},
    number = {2},
    month = {6},
    pages = {173--187},
    volume = {18},
    url = {http://www.tandfonline.com/doi/abs/10.1080/09540090600768658},
    doi = {10.1080/09540090600768658},
    issn = {0954-0091}
}

@incollection{McBurney2009DialogueArgumentation,
    title = {{Dialogue games for agent argumentation}},
    year = {2009},
    booktitle = {Argumentation in Artificial Intelligence},
    author = {McBurney, Peter and Parsons, Simon},
    pages = {261--280},
    publisher = {Springer US},
    isbn = {9780387981963},
    doi = {10.1007/978-0-387-98197-0{\_}13}
}

@article{Adami2006DigitalEvolution,
    title = {{Digital genetics: unravelling the genetic basis of evolution}},
    year = {2006},
    journal = {Nature Reviews Genetics},
    author = {Adami, Christoph},
    number = {2},
    month = {2},
    pages = {109--118},
    volume = {7},
    publisher = {Nature Publishing Group},
    url = {http://www.nature.com/articles/nrg1771},
    doi = {10.1038/nrg1771},
    issn = {1471-0056},
    keywords = {Agriculture, Animal Genetics and Genomics, Biomedicine, Cancer Research, Gene Function, Human Genetics, general}
}

@article{Schmidhuber1997DiscoveringCapability,
    title = {{Discovering neural nets with low Kolmogorov complexity and high generalization capability}},
    year = {1997},
    journal = {Neural Networks},
    author = {Schmidhuber, Jürgen},
    number = {5},
    pages = {857--873},
    volume = {10},
    publisher = {Elsevier Science Ltd},
    doi = {10.1016/S0893-6080(96)00127-X},
    issn = {08936080},
    pmid = {12662875},
    keywords = {Generalization, Kolmogorov complexity, Levin complexity, Neural networks, Self-sizing programs, Solomonoff-Levin distribution, Universal search}
}

@article{Gal2015DropoutLearning,
    title = {{Dropout as a Bayesian Approximation: Representing Model Uncertainty in Deep Learning}},
    year = {2015},
    author = {Gal, Yarin and Ghahramani, Zoubin},
    month = {6},
    url = {http://arxiv.org/abs/1506.02142},
    arxivId = {1506.02142}
}

@misc{Lenton2011EarlyPoints,
    title = {{Early warning of climate tipping points}},
    year = {2011},
    booktitle = {Nature Climate Change},
    author = {Lenton, Timothy M.},
    number = {4},
    month = {7},
    pages = {201--209},
    volume = {1},
    doi = {10.1038/nclimate1143},
    issn = {1758678X}
}

@techreport{Demski2019EmbeddedAgency,
    title = {{Embedded Agency}},
    year = {2019},
    author = {Demski, Abram and Garrabrant, Scott},
    month = {2},
    institution = {Machine Intelligence Research Institute},
    arxivId = {1902.09469}
}

@book{Shanahan2010EmbodimentLife,
    title = {{Embodiment and the Inner Life}},
    year = {2010},
    author = {Shanahan, Murray},
    publisher = {Oxford University Press}
}

@article{Mordatch2017EmergencePopulations,
    title = {{Emergence of Grounded Compositional Language in Multi-Agent Populations}},
    year = {2017},
    author = {Mordatch, Igor and Abbeel, Pieter},
    month = {3},
    arxivId = {1703.04908}
}

@incollection{Salge2014EmpowermentIntroduction,
    title = {{Empowerment – An Introduction}},
    year = {2014},
    booktitle = {Guided Self-Organization: Inception. Emergence, Complexity and Computation},
    author = {Salge, Christoph and Glackin, Cornelius and Polani, Daniel},
    edition = {9},
    pages = {67--114},
    publisher = {Springer, Berlin, Heidelberg},
    doi = {10.1007/978-3-642-53734-9{\_}4}
}

@article{Mowshowitz1968EntropyGraph,
    title = {{Entropy and the Complexity of Graphs: I. An Index of the Relative Complexity of a Graph}},
    year = {1968},
    journal = {The bulletin of mathematical biophysics 1968 30:1},
    author = {Mowshowitz, Abbe},
    number = {1},
    pages = {175--204},
    volume = {30},
    publisher = {Springer},
    doi = {10.1007/BF02476948},
    issn = {1522-9602},
    keywords = {Cell Biology, Life Sciences, Mathematical and Computational Biology, general}
}

@techreport{BostromEthicalIntelligence,
    title = {{Ethical Issues in Advanced Artificial Intelligence}},
    author = {Bostrom, Nick},
    url = {https://nickbostrom.com/ethics/ai.pdf},
    keywords = {Artificial intelligence, cost-benefit analysis, ethics, global security, superintelligence, uploading}
}

@misc{Matsuzawa2013EvolutionChimpanzees,
    title = {{Evolution of the brain and social behavior in chimpanzees}},
    year = {2013},
    booktitle = {Current Opinion in Neurobiology},
    author = {Matsuzawa, Tetsuro},
    number = {3},
    month = {6},
    pages = {443--449},
    volume = {23},
    doi = {10.1016/j.conb.2013.01.012},
    issn = {09594388}
}

@misc{Yudkowsky2008Expected2.0,
    title = {{Expected Creative Surprises - LessWrong 2.0}},
    year = {2008},
    author = {Yudkowsky, Eliezer},
    url = {https://www.lesswrong.com/posts/rEDpaTTEzhPLz4fHh/expected-creative-surprises}
}

@inproceedings{Kirsch2017ExplainAI,
    title = {{Explain to Whom? Putting the User in the Center of Explainable AI}},
    year = {2017},
    booktitle = {Proceedings of the First International Workshop on Comprehensibility and Explanation in AI and ML 2017 co-located with 16th International Conference of the Italian Association for Artificial Intelligence (AI*IA 2017)},
    author = {Kirsch, Alexandra}
}

@inproceedings{Miller2017ExplainableAsylum,
    title = {{Explainable AI: Beware of Inmates Running the Asylum}},
    year = {2017},
    booktitle = {IJCAI 2017 Workshop on Explainable Artificial Intelligence (XAI)},
    author = {Miller, Tim and Howe, Piers and Sonenberg, Liz},
    number = {},
    pages = {},
    volume = {}
}

@article{Miller2019ExplanationSciences,
    title = {{Explanation in Artificial Intelligence: Insights from the Social Sciences}},
    year = {2019},
    journal = {Artificial Intelligence},
    author = {Miller, Tim},
    month = {2},
    pages = {1--38},
    volume = {267},
    publisher = {Elsevier B.V.},
    doi = {10.1016/j.artint.2018.07.007},
    arxivId = {1706.07269},
    keywords = {Explainability, Explainable AI, Explanation, Interpretability, Transparency}
}

@phdthesis{Overton2012ExplanationScience,
    title = {{Explanation in Science}},
    year = {2012},
    author = {Overton, James A},
    school = {The University of Western Ontario}
}

@book{Hofstadter1995FluidThought,
    title = {{Fluid Concepts and Creative Analogies: Computer Models of the Fundamental Mechanisms of Thought}},
    year = {1995},
    author = {Hofstadter, Douglas R and Defays, Daniel and Chalmers, David and Mitchell, Melanie and French, Robert and McGraw, Gary},
    publisher = {Basic Books}
}

@book{Dennett2017FromMinds,
    title = {{From Bacteria to Bach and Back: The Evolution of Minds}},
    year = {2017},
    author = {Dennett, Daniel C.},
    publisher = {W.W. Norton {\&} Company},
    isbn = {9780393242072},
    keywords = {Consciousness}
}

@article{Marr1976FromCircuitry,
    title = {{From understanding computation to understanding neural circuitry}},
    year = {1976},
    author = {Marr, D and Poggio, T},
    url = {https://dspace.mit.edu/bitstream/handle/1721.1/5782/AIM-357.pdf}
}

@incollection{SchmidhuberGodelSelf-improvers,
    title = {{G{\"{o}}del Machines: Fully Self-referential Optimal Universal Self-improvers}},
    booktitle = {Artificial General Intelligence},
    author = {Schmidhuber, Jürgen},
    pages = {199--226},
    publisher = {Springer Berlin Heidelberg},
    url = {http://link.springer.com/10.1007/978-3-540-68677-4_7},
    address = {Berlin, Heidelberg},
    doi = {10.1007/978-3-540-68677-4{\_}7}
}

@book{Hofstadter1979GodelBraid,
    title = {{G{\"{o}}del, Escher, Bach : An Eternal Golden Braid}},
    year = {1979},
    author = {Hofstadter, Douglas R},
    publisher = {Basic Books},
    address = {New York}
}

@article{Schaeffer2007GraphClustering,
    title = {{Graph clustering}},
    year = {2007},
    journal = {Computer Science Review},
    author = {Schaeffer, Satu Elisa},
    number = {1},
    month = {8},
    pages = {27--64},
    volume = {1},
    publisher = {Elsevier},
    doi = {10.1016/j.cosrev.2007.05.001},
    issn = {15740137}
}

@book{Gilovich2002HeuristicsJudgment,
    title = {{Heuristics and Biases : the Psychology of Intuitive Judgment}},
    year = {2002},
    author = {Gilovich, Thomas. and Griffin, Dale W. and Kahneman, Daniel},
    pages = {857},
    publisher = {Cambridge University Press},
    isbn = {9780521796798}
}

@article{Kouvaris2017HowOrganisation,
    title = {{How evolution learns to generalise: Using the principles of learning theory to understand the evolution of developmental organisation}},
    year = {2017},
    journal = {PLOS Computational Biology},
    author = {Kouvaris, Kostas and Clune, Jeff and Kounios, Loizos and Brede, Markus and Watson, Richard A.},
    editor = {Rzhetsky, Andrey},
    number = {4},
    month = {4},
    pages = {e1005358},
    volume = {13},
    publisher = {Public Library of Science},
    url = {https://dx.plos.org/10.1371/journal.pcbi.1005358},
    doi = {10.1371/journal.pcbi.1005358},
    issn = {1553-7358}
}

@book{Malle2004HowInteraction,
    title = {{How the Mind Explains Behavior: Folk Explanations, Meaning, and Social Interaction}},
    year = {2004},
    author = {Malle, Bertram F},
    publisher = {MIT Press},
    isbn = {9780262134453}
}

@book{Yudkowsky2018HowMind,
    title = {{How to Actually Change Your Mind}},
    year = {2018},
    author = {Yudkowsky, Eliezer},
    publisher = {Machine Intelligence Research Institute}
}

@misc{PeytonJonesHowPaper,
    title = {{How to write a great research paper}},
    author = {Peyton Jones, Simon},
    url = {https://www.microsoft.com/en-us/research/academic-program/write-great-research-paper/}
}

@book{Russell2019HumanControl,
    title = {{Human Compatible: AI and the Problem of Control}},
    year = {2019},
    author = {Russell, Stuart J},
    publisher = {Allen Lane},
    isbn = {0241335205}
}

@article{Lage2018Human-in-the-LoopPrior,
    title = {{Human-in-the-Loop Interpretability Prior}},
    year = {2018},
    author = {Lage, Isaac and Ross, Andrew Slavin and Kim, Been and Gershman, Samuel J. and Doshi-Velez, Finale},
    month = {5},
    url = {http://arxiv.org/abs/1805.11571},
    arxivId = {1805.11571}
}

@article{Mnih2015Human-levelLearning,
    title = {{Human-level control through deep reinforcement learning}},
    year = {2015},
    journal = {Nature},
    author = {Mnih, Volodymyr and Kavukcuoglu, Koray and Silver, David and Rusu, Andrei A and Veness, Joel and Bellemare, Marc G and Graves, Alex and Riedmiller, Martin and Fidjeland, Andreas K and Ostrovski, Georg and Petersen, Stig and Beattie, Charles and Sadik, Amir and Antonoglou, Ioannis and King, Helen and Kumaran, Dharshan and Wierstra, Daan and Legg, Shane and Hassabis, Demis},
    number = {7540},
    pages = {529},
    volume = {518},
    doi = {10.1038/nature14236}
}

@article{Jaderberg2019Human-levelLearning,
    title = {{Human-level performance in 3D multiplayer games with population-based reinforcement learning}},
    year = {2019},
    journal = {Science},
    author = {Jaderberg, Max and Czarnecki, Wojciech M. and Dunning, Iain and Marris, Luke and Lever, Guy and Casta{\~{n}}eda, Antonio Garcia and Beattie, Charles and Rabinowitz, Neil C. and Morcos, Ari S. and Ruderman, Avraham and Sonnerat, Nicolas and Green, Tim and Deason, Louise and Leibo, Joel Z. and Silver, David and Hassabis, Demis and Kavukcuoglu, Koray and Graepel, Thore},
    number = {6443},
    pages = {859--865},
    volume = {364},
    publisher = {American Association for the Advancement of Science},
    doi = {10.1126/science.aau6249},
    issn = {10959203},
    arxivId = {1807.01281}
}

@techreport{Jaderberg2018Human-levelLearning,
    title = {{Human-level performance in first-person multiplayer games with population-based deep reinforcement learning}},
    year = {2018},
    author = {Jaderberg, Max and Czarnecki, Wojciech M and Dunning, Iain and Marris, Luke and Lever, Guy and Castaneda, Antonio Garcia and Beattie, Charles and Rabinowitz, Neil C and Morcos, Ari S and Ruderman, Avraham and Sonnerat, Nicolas and Green, Tim and Deason, Louise and Leibo, Joel Z and Silver, David and Hassabis, Demis and Kavukcuoglu, Koray and Graepel, Thore},
    arxivId = {1807.01281v1}
}

@article{Jaderberg2018Human-levelLearningb,
    title = {{Human-level performance in first-person multiplayer games with population-based deep reinforcement learning}},
    year = {2018},
    author = {Jaderberg, Max and Czarnecki, Wojciech M. and Dunning, Iain and Marris, Luke and Lever, Guy and Castaneda, Antonio Garcia and Beattie, Charles and Rabinowitz, Neil C. and Morcos, Ari S. and Ruderman, Avraham and Sonnerat, Nicolas and Green, Tim and Deason, Louise and Leibo, Joel Z. and Silver, David and Hassabis, Demis and Kavukcuoglu, Koray and Graepel, Thore},
    month = {7},
    url = {http://arxiv.org/abs/1807.01281 http://dx.doi.org/10.1126/science.aau6249},
    doi = {10.1126/science.aau6249},
    arxivId = {1807.01281}
}

@article{Graves2016HybridMemory,
    title = {{Hybrid computing using a neural network with dynamic external memory}},
    year = {2016},
    journal = {Nature},
    author = {Graves, Alex and Wayne, Greg and Reynolds, Malcolm and Harley, Tim and Danihelka, Ivo and Grabska-Barwi{\'{n}}ska, Agnieszka and Colmenarejo, Sergio Gómez and Grefenstette, Edward and Ramalho, Tiago and Agapiou, John and Badia, Adrià Puigdomènech and Hermann, Karl Moritz and Zwols, Yori and Ostrovski, Georg and Cain, Adam and King, Helen and Summerfield, Christopher and Blunsom, Phil and Kavukcuoglu, Koray and Hassabis, Demis},
    number = {7626},
    month = {10},
    pages = {471--476},
    volume = {538},
    publisher = {Nature Publishing Group},
    url = {http://www.nature.com/articles/nature20101},
    doi = {10.1038/nature20101},
    issn = {0028-0836},
    keywords = {Learning algorithms, Network models}
}

@book{HofstadterILoop,
    title = {{I Am A Strange Loop}},
    author = {Hofstadter, Douglas},
    pages = {2007},
    publisher = {Basic Books}
}

@inproceedings{Deng2009Imagenet:Database,
    title = {{Imagenet: A large-scale hierarchical image database}},
    year = {2009},
    booktitle = {Computer Vision and Pattern Recognition, 2009. CVPR 2009. IEEE Conference on},
    author = {Deng, Jia and Dong, Wei and Socher, Richard and Li, Li-Jia and Li, Kai and Fei-Fei, Li},
    pages = {248--255}
}

@misc{Imgaug,
    title = {{imgaug}}
}

@inproceedings{Eckersley2019ImpossibilityFunction,
    title = {{Impossibility and Uncertainty Theorems in AI Value Alignment (or why your AGI should not have a utility function)}},
    year = {2019},
    booktitle = {SafeAI 2019: Proceedings of the AAAI Workshop on Artificial Intelligence Safety 2019},
    author = {Eckersley, Peter},
    month = {12},
    url = {http://arxiv.org/abs/1901.00064},
    arxivId = {1901.00064}
}

@article{Vidya2014IndividualElephants,
    title = {{Individual Identification in Asian Elephants}},
    year = {2014},
    journal = {Gajah},
    author = {Vidya, T N C and Prasad, Deepika and Ghosh, Arjun},
    pages = {3--17},
    volume = {40}
}

@article{Howard2005InfluenceDiagrams,
    title = {{Influence Diagrams}},
    year = {2005},
    journal = {Decision Analysis},
    author = {Howard, Ronald A. and Matheson, James E.},
    number = {3},
    month = {9},
    pages = {127--143},
    volume = {2},
    url = {http://pubsonline.informs.org/doi/abs/10.1287/deca.1050.0020},
    doi = {10.1287/deca.1050.0020},
    issn = {1545-8490}
}

@article{Howard1966InformationTheory,
    title = {{Information Value Theory}},
    year = {1966},
    journal = {IEEE Transactions on Systems Science and Cybernetics},
    author = {Howard, Ronald A.},
    number = {1},
    pages = {22--26},
    volume = {2},
    doi = {10.1109/TSSC.1966.300074},
    issn = {21682887}
}

@techreport{Yudkowsky2013IntelligenceMicroeconomics,
    title = {{Intelligence Explosion Microeconomics}},
    year = {2013},
    author = {Yudkowsky, Eliezer},
    institution = {Machine Intelligence Research Institute}
}

@inproceedings{Brooks1991IntelligenceReason,
    title = {{Intelligence Without Reason}},
    year = {1991},
    booktitle = {International Joint Conference on Artificial Intelligence (IJCAI 91)},
    author = {Brooks, Rodney A},
    pages = {569--595}
}

@article{Dennett2009IntentionalTheory,
    title = {{Intentional Systems Theory}},
    year = {2009},
    journal = {The Oxford Handbook of Philosophy of Mind},
    author = {Dennett, Daniel},
    month = {1},
    publisher = {Oxford University Press},
    doi = {10.1093/oxfordhb/9780199262618.003.0020}
}

@article{Jaques2018IntrinsicRL,
    title = {{Intrinsic Social Motivation via Causal Influence in Multi-Agent RL}},
    year = {2018},
    author = {Jaques, Natasha and Lazaridou, Angeliki and Hughes, Edward and Gulcehre, Caglar and Ortega, Pedro A. and Strouse, DJ and Leibo, Joel Z. and de Freitas, Nando},
    month = {10},
    arxivId = {1810.08647}
}

@book{Sipser2013IntroductionComputation,
    title = {{Introduction to the Theory of Computation}},
    year = {2013},
    author = {Sipser, Michael},
    edition = {3},
    publisher = {Cengage Learning},
    isbn = {9781133187813}
}

@book{Begon1979InvestigatingBiologists.,
    title = {{Investigating animal abundance: capture-recapture for biologists.}},
    year = {1979},
    author = {Begon, Michael and {others}},
    publisher = {Edward Arnold (Publishers) Ltd.}
}

@misc{Chollet2015Keras,
    title = {{keras}},
    year = {2015},
    author = {Chollet, François}
}

@misc{KerasToolkit,
    title = {{Keras Visualisation Toolkit}}
}

@article{White1965KnowledgeNotions.,
    title = {{Knowledge and Belief: An Introduction to the Logic of the Two Notions.}},
    year = {1965},
    journal = {The Philosophical Quarterly},
    author = {White, Alan R. and Hintikka, Jaakko},
    number = {60},
    month = {7},
    pages = {268},
    volume = {15},
    url = {https://academic.oup.com/pq/article-lookup/doi/10.2307/2217611},
    doi = {10.2307/2217611},
    issn = {00318094}
}

@article{Yampolskiy2012LeakproofingProblem,
    title = {{Leakproofing the Singularity Artificial Intelligence Confinement Problem}},
    year = {2012},
    journal = {Journal of Consciousness Studies},
    author = {Yampolskiy, Roman V.},
    number = {1-2},
    pages = {194–214},
    volume = {19}
}

@techreport{RussellLearningEnvironments,
    title = {{Learning agents for uncertain environments}},
    author = {Russell, Stuart J},
    url = {https://people.eecs.berkeley.edu/~russell/papers/colt98-uncertainty.pdf}
}

@inproceedings{Das2017LearningLearning,
    title = {{Learning Cooperative Visual Dialog Agents with Deep Reinforcement Learning}},
    year = {2017},
    booktitle = {2017 IEEE International Conference on Computer Vision (ICCV)},
    author = {Das, Abhishek and Kottur, Satwik and Moura, Jose M. F. and Lee, Stefan and Batra, Dhruv},
    month = {10},
    pages = {2970--2979},
    publisher = {IEEE},
    isbn = {978-1-5386-1032-9},
    doi = {10.1109/ICCV.2017.321}
}

@article{Reddy2019LearningBehavior,
    title = {{Learning Human Objectives by Evaluating Hypothetical Behavior}},
    year = {2019},
    author = {Reddy, Siddharth and Dragan, Anca D. and Levine, Sergey and Legg, Shane and Leike, Jan},
    month = {12},
    url = {http://arxiv.org/abs/1912.05652},
    arxivId = {1912.05652}
}

@inproceedings{Sukhbaatar2016LearningBackpropagation,
    title = {{Learning multiagent communication with backpropagation}},
    year = {2016},
    booktitle = {Proceedings of the 30th International Conference on Neural Information Processing Systems},
    author = {Sukhbaatar, Sainbayar and Szlam, Arthur and Fergus, Rob},
    pages = {2252--2260},
    publisher = {Neural Information Processing Systems},
    address = {Barcelona, Spain},
    isbn = {9781510838819}
}

@article{Rumelhart1988LearningErrors,
    title = {{Learning representations by back-propagating errors}},
    year = {1988},
    journal = {Cognitive modeling},
    author = {Rumelhart, David E and Hinton, Geoffrey E and Williams, Ronald J},
    number = {3},
    pages = {1},
    volume = {5}
}

@incollection{Foerster2016LearningLearning,
    title = {{Learning to Communicate with Deep Multi-Agent Reinforcement Learning}},
    year = {2016},
    booktitle = {Advances in Neural Information Processing Systems 29},
    author = {Foerster, Jakob and Assael, Ioannis Alexandros and Freitas, Nando de and Whiteson, Shimon},
    editor = {{D. D. Lee and M. Sugiyama and U. V. Luxburg and I. Guyon and R. Garnett}},
    pages = {2137--2145},
    publisher = {Curran Associates, Inc.}
}

@article{Bahdanau2018LearningReward,
    title = {{Learning to Understand Goal Specifications by Modelling Reward}},
    year = {2018},
    author = {Bahdanau, Dzmitry and Hill, Felix and Leike, Jan and Hughes, Edward and Hosseini, Arian and Kohli, Pushmeet and Grefenstette, Edward},
    month = {6},
    url = {http://arxiv.org/abs/1806.01946},
    arxivId = {1806.01946}
}

@incollection{Dewey2011LearningValue,
    title = {{Learning What to Value}},
    year = {2011},
    author = {Dewey, Daniel},
    pages = {309--314},
    url = {http://link.springer.com/10.1007/978-3-642-22887-2_35},
    doi = {10.1007/978-3-642-22887-2{\_}35}
}

@inproceedings{Foerster2018LearningAwareness,
    title = {{Learning with Opponent-Learning Awareness}},
    year = {2018},
    booktitle = {Proceedings of the 17th International Conference on Autonomous Agents and MultiAgent Systems},
    author = {Foerster, Jakob and Chen, Richard Y. and Al-Shedivat, Maruan and Whiteson, Shimon and Abbeel, Pieter and Mordatch, Igor},
    pages = {122--130},
    publisher = {International Foundation for Autonomous Agents and Multiagent Systems}
}

@inproceedings{Foerster2018LearningAwarenessb,
    title = {{Learning with opponent-learning awareness}},
    year = {2018},
    booktitle = {Proceedings of the International Joint Conference on Autonomous Agents and Multiagent Systems, AAMAS},
    author = {Foerster, Jakob and Chen, Richard Y. and Al-Shedivat, Maruan and Whiteson, Shimon and Abbeel, Pieter and Mordatch, Igor},
    pages = {122--130},
    volume = {1},
    publisher = {International Foundation for Autonomous Agents and Multiagent Systems (IFAAMAS)},
    isbn = {9781510868083},
    issn = {15582914},
    arxivId = {1709.04326},
    keywords = {Deep reinforcement learning, Game theory, Multi-agent learning}
}

@article{GaserLocalStructures,
    title = {{Local Histogram Equalization to Improve Segmentation of Low Contrast Structures}},
    author = {Gaser, Christian}
}

@article{Grice1975LogicConversation,
    title = {{Logic and Conversation}},
    year = {1975},
    journal = {Syntax and Semantics},
    author = {Grice, Herbert Paul},
    pages = {41--58}
}

@techreport{Garrabrant2016LogicalInduction,
    title = {{Logical Induction}},
    year = {2016},
    author = {Garrabrant, Scott and Benson-Tilsen, Tsvi and Critch, Andrew and Soares, Nate and Taylor, Jessica},
    month = {9},
    institution = {Machine Intelligence Research Institute},
    arxivId = {1609.03543}
}

@article{Hochreiter1997LongMemory,
    title = {{Long Short-Term Memory}},
    year = {1997},
    journal = {Neural Computation},
    author = {Hochreiter, Sepp and Schmidhuber, Jürgen},
    number = {8},
    month = {11},
    pages = {1735--1780},
    volume = {9},
    url = {http://www.mitpressjournals.org/doi/10.1162/neco.1997.9.8.1735},
    doi = {10.1162/neco.1997.9.8.1735},
    issn = {0899-7667}
}

@article{Armstrong2017LowIntelligences,
    title = {{Low Impact Artificial Intelligences}},
    year = {2017},
    author = {Armstrong, Stuart and Levinstein, Benjamin},
    month = {5},
    url = {http://arxiv.org/abs/1705.10720},
    arxivId = {1705.10720}
}

@inproceedings{Rabinowitz2018MachineMind,
    title = {{Machine Theory of mind}},
    year = {2018},
    booktitle = {35th International Conference on Machine Learning, ICML 2018},
    author = {Rabinowitz, Neil C. and Perbet, Frank and Song, H. Francis and Zhang, Chiyuan and Botvinick, Matthew},
    pages = {6723--6738},
    volume = {10},
    publisher = {International Machine Learning Society (IMLS)},
    isbn = {9781510867963},
    arxivId = {1802.07740}
}

@book{Yudkowsky2018MapTerritory,
    title = {{Map and Territory}},
    year = {2018},
    author = {Yudkowsky, Eliezer},
    publisher = {Machine Intelligence Research Institute}
}

@article{Hunter2007Matplotlib:Environment,
    title = {{Matplotlib: A 2D graphics environment}},
    year = {2007},
    journal = {Computing In Science {\&} Engineering},
    author = {Hunter, J D},
    number = {3},
    pages = {90--95},
    volume = {9},
    publisher = {IEEE COMPUTER SOC},
    doi = {10.1109/MCSE.2007.55}
}

@book{Lakoff1980MetaphorsBy,
    title = {{Metaphors We Live By}},
    year = {1980},
    author = {Lakoff, George and Johnson, Mark},
    publisher = {University of Chicago Press}
}

@article{Everitt2019ModelingDiagrams,
    title = {{Modeling AGI Safety Frameworks with Causal Influence Diagrams}},
    year = {2019},
    author = {Everitt, Tom and Kumar, Ramana and Krakovna, Victoria and Legg, Shane},
    month = {6},
    url = {http://arxiv.org/abs/1906.08663},
    arxivId = {1906.08663}
}

@article{Pennock2007ModelsEvolution,
    title = {{Models, simulations, instantiations, and evidence: the case of digital evolution}},
    year = {2007},
    journal = {http://dx.doi.org/10.1080/09528130601116113},
    author = {Pennock, Robert T.},
    publisher = { Taylor {\&} Francis Group },
    url = {https://www.tandfonline.com/doi/abs/10.1080/09528130601116113},
    doi = {10.1080/09528130601116113},
    keywords = {Digital evolution, Evidence, Instantiation, Modeling, Simulation}
}

@inproceedings{Tan1993Multi-AgentAgents,
    title = {{Multi-Agent Reinforcement Learning: Independent vs. Cooperative Agents}},
    year = {1993},
    booktitle = {Proceedings of the Tenth International Conference on Machine Learning},
    author = {Tan, Ming},
    pages = {330--337}
}

@inproceedings{Belghazi2018MutualEstimation,
    title = {{Mutual Information Neural Estimation}},
    year = {2018},
    booktitle = {Proceedings of the 35th International Conference on Machine Learning},
    author = {Belghazi, Mohamed Ishmael and Baratin, Aristide and Rajeshwar, Sai and Ozair, Sherjil and Bengio, Yoshua and Courville, Aaron and Hjelm, Devon},
    editor = {Dy, Jennifer and Krause, Andreas},
    pages = {531--540},
    publisher = {PMLR}
}

@incollection{Fukushima1982Neocognitron:Recognition,
    title = {{Neocognitron: A self-organizing neural network model for a mechanism of visual pattern recognition}},
    year = {1982},
    booktitle = {Competition and cooperation in neural nets},
    author = {Fukushima, Kunihiko and Miyake, Sei},
    pages = {267--285},
    publisher = {Springer}
}

@misc{NeuralOlah,
    title = {{Neural Networks, Manifolds, and Topology, by Christopher Olah}},
    howpublished = {http://colah.github.io/posts/2014-03-NN-Manifolds-Topology/}
}

@article{Armstrong2017OccamsAgents,
    title = {{Occam's razor is insufficient to infer the preferences of irrational agents}},
    year = {2017},
    author = {Armstrong, Stuart and Mindermann, Sören},
    month = {12},
    url = {http://arxiv.org/abs/1712.05812},
    arxivId = {1712.05812}
}

@article{Armstrong2017OccamsAgentsb,
    title = {{Occam's razor is insufficient to infer the preferences of irrational agents}},
    year = {2017},
    author = {Armstrong, Stuart and Mindermann, Sören},
    month = {12},
    url = {http://arxiv.org/abs/1712.05812},
    arxivId = {1712.05812}
}

@incollection{EinsteinOnThereof,
    title = {{On Boltzmann's principle and some immediate consequences thereof}},
    booktitle = {Progress in Mathematical Physics},
    author = {Einstein, Albert},
    editor = {T, Damour and O, Darrigol and B, Duplantier and V, Rivasseau},
    pages = {183--199},
    volume = {47},
    publisher = {Birkh{\"{a}}user Basel},
    isbn = {3764374357},
    doi = {10.1007/3-7643-7436-5{\_}7}
}

@article{Morzy2017OnEntropy,
    title = {{On Measuring the Complexity of Networks: Kolmogorov Complexity versus Entropy}},
    year = {2017},
    journal = {Complexity},
    author = {Morzy, Mikołaj and Kajdanowicz, Tomasz and Kazienko, Przemysław},
    volume = {2017},
    publisher = {Hindawi Limited},
    doi = {10.1155/2017/3250301}
}

@incollection{Leike2015OnKnowledge-Seeking,
    title = {{On the Computability of Solomonoff Induction and Knowledge-Seeking}},
    year = {2015},
    author = {Leike, Jan and Hutter, Marcus},
    pages = {364--378},
    url = {http://link.springer.com/10.1007/978-3-319-24486-0_24},
    doi = {10.1007/978-3-319-24486-0{\_}24}
}

@article{Meister2015OnSpace,
    title = {{On the dimensionality of odor space}},
    year = {2015},
    journal = {eLife},
    author = {Meister, Markus},
    month = {7},
    volume = {4},
    doi = {10.7554/eLife.07865}
}

@misc{Shah2019OnInference,
    title = {{On the Feasibility of Learning, Rather than Assuming, Human Biases for Reward Inference}},
    year = {2019},
    author = {Shah, Rohin and Gundotra, Noah and Abbeel, Pieter and Dragan, Anca},
    month = {5},
    pages = {5670--5679},
    url = {http://proceedings.mlr.press/v97/shah19a.html},
    issn = {1938-7228}
}

@article{Yampolskiy2017OnAlgorithm,
    title = {{On the origin of synthetic life: attribution of output to a particular algorithm}},
    year = {2017},
    journal = {Physica Scripta},
    author = {Yampolskiy, Roman V},
    number = {1},
    month = {1},
    pages = {013002},
    volume = {92},
    url = {http://stacks.iop.org/1402-4896/92/i=1/a=013002?key=crossref.b64214f6a8e57e69e7e9b3607a814181},
    doi = {10.1088/0031-8949/92/1/013002},
    issn = {0031-8949}
}

@article{Carroll2019OnCoordination,
    title = {{On the Utility of Learning about Humans for Human-AI Coordination}},
    year = {2019},
    author = {Carroll, Micah and Shah, Rohin and Ho, Mark K. and Griffiths, Thomas L. and Seshia, Sanjit A. and Abbeel, Pieter and Dragan, Anca},
    month = {10},
    url = {http://arxiv.org/abs/1910.05789},
    arxivId = {1910.05789}
}

@article{Bradski2000OpenCV:Library,
    title = {{OpenCV: Open Source Computer Vision Library}},
    year = {2000},
    journal = {Dr. Dobb's Journal of Software Tools},
    author = {Bradski, G},
    keywords = {bibtex-import}
}

@article{Lanctot2019OpenSpiel:Games,
    title = {{OpenSpiel: A Framework for Reinforcement Learning in Games}},
    year = {2019},
    author = {Lanctot, Marc and Lockhart, Edward and Lespiau, Jean-Baptiste and Zambaldi, Vinicius and Upadhyay, Satyaki and P{\'{e}}rolat, Julien and Srinivasan, Sriram and Timbers, Finbarr and Tuyls, Karl and Omidshafiei, Shayegan and Hennes, Daniel and Morrill, Dustin and Muller, Paul and Ewalds, Timo and Faulkner, Ryan and Kram{\'{a}}r, János and De Vylder, Bart and Saeta, Brennan and Bradbury, James and Ding, David and Borgeaud, Sebastian and Lai, Matthew and Schrittwieser, Julian and Anthony, Thomas and Hughes, Edward and Danihelka, Ivo and Ryan-Davis, Jonah},
    month = {8},
    url = {http://arxiv.org/abs/1908.09453},
    arxivId = {1908.09453}
}

@article{Sermanet2013Overfeat:Networks,
    title = {{Overfeat: Integrated recognition, localization and detection using convolutional networks}},
    year = {2013},
    journal = {arXiv preprint arXiv:1312.6229},
    author = {Sermanet, Pierre and Eigen, David and Zhang, Xiang and Mathieu, Michaël and Fergus, Rob and LeCun, Yann}
}

@article{Krakovna2018PenalizingReachability,
    title = {{Penalizing side effects using stepwise relative reachability}},
    year = {2018},
    author = {Krakovna, Victoria and Orseau, Laurent and Kumar, Ramana and Martic, Miljan and Legg, Shane},
    month = {6},
    url = {http://arxiv.org/abs/1806.01186},
    arxivId = {1806.01186}
}

@book{Lakoff1999PhilosophyThought,
    title = {{Philosophy in the Flesh: The Embodied Mind and its Challenge to Modern Thought}},
    year = {1999},
    author = {Lakoff, George and Johnson, Mark},
    publisher = {Basic Books}
}

@book{Tipler2007PhysicsEngineers,
    title = {{Physics for Scientists and Engineers}},
    year = {2007},
    author = {Tipler, Paul A. and Mosca, Gene},
    edition = {6},
    publisher = {W. H. Freeman}
}

@article{Kooi2003ProbabilisticLogic,
    title = {{Probabilistic Dynamic Epistemic Logic}},
    year = {2003},
    journal = {Journal of Logic, Language and Information},
    author = {Kooi, Barteld P.},
    number = {4},
    pages = {381--408},
    volume = {12},
    publisher = {Kluwer Academic Publishers},
    doi = {10.1023/A:1025050800836}
}

@book{Valiant2013ProbablyCorrect,
    title = {{Probably Approximately Correct}},
    year = {2013},
    author = {Valiant, Leslie},
    publisher = {Basic Books}
}

@inproceedings{Goodhart1975ProblemsExperience,
    title = {{Problems of Monetary Management: The U.K. Experience}},
    year = {1975},
    booktitle = {Papers in Monetary Economics},
    author = {Goodhart, Charles},
    volume = {1},
    publisher = {Reserve Bank of Australia}
}

@techreport{Baker2010ProblemsTeachers,
    title = {{Problems with the use of student test scores to evaluate teachers}},
    year = {2010},
    author = {Baker, Eva and Shavelson, Richard J and Barton, Paul E and Haertel, Edward and Ladd, Helen F and Linn, Robert L and Darlington-Hammond, Linda and Shepard, Lorrie A and Ravitch, Diane and Rothstien, Richard},
    institution = {Economic Policy Institute},
    isbn = {278}
}

@book{Clarke2000ProfilesPossible,
    title = {{Profiles of the future : an inquiry into the limits of the possible}},
    year = {2000},
    author = {Clarke, Arthur Charles},
    pages = {211},
    publisher = {Indigo},
    isbn = {1898801215}
}

@article{Rusu2016ProgressiveNetworks,
    title = {{Progressive neural networks}},
    year = {2016},
    journal = {arXiv preprint arXiv:1606.04671},
    author = {Rusu, Andrei A and Rabinowitz, Neil C and Desjardins, Guillaume and Soyer, Hubert and Kirkpatrick, James and Kavukcuoglu, Koray and Pascanu, Razvan and Hadsell, Raia}
}

@article{Kahneman1979ProspectRisk,
    title = {{Prospect Theory: An Analysis of Decision under Risk}},
    year = {1979},
    journal = {Econometrica},
    author = {Kahneman, Daniel and Tversky, Amos},
    number = {2},
    month = {3},
    pages = {263--292},
    volume = {47},
    doi = {10.2307/1914185}
}

@article{Russell2017ProvablyIntelligence,
    title = {{Provably Beneficial Artificial Intelligence}},
    year = {2017},
    journal = {Exponential Life, The Next Step},
    author = {Russell, Stuart J}
}

@article{Deutsch1985QuantumComputer,
    title = {{Quantum Theory, the Church-Turing Principle and the Universal Quantum Computer}},
    year = {1985},
    journal = {Proceedings of The Royal Society of London, Series A: Mathematical and Physical Sciences},
    author = {Deutsch, D.},
    number = {1818},
    month = {7},
    pages = {97--117},
    volume = {400},
    doi = {10.1098/rspa.1985.0070}
}

@inproceedings{Viola2001RapidFeatures,
    title = {{Rapid object detection using a boosted cascade of simple features}},
    year = {2001},
    booktitle = {Computer Vision and Pattern Recognition, 2001. CVPR 2001. Proceedings of the 2001 IEEE Computer Society Conference on},
    author = {Viola, Paul and Jones, Michael},
    pages = {I–I},
    volume = {1}
}

@article{Russell1997RationalityIntelligence,
    title = {{Rationality and intelligence}},
    year = {1997},
    journal = {Artificial Intelligence},
    author = {Russell, Stuart J.},
    number = {1-2},
    month = {7},
    pages = {57--77},
    volume = {94},
    publisher = {Elsevier},
    url = {https://www.sciencedirect.com/science/article/pii/S000437029700026X},
    doi = {10.1016/S0004-3702(97)00026-X}
}

@article{Dennett1991RealPatterns,
    title = {{Real Patterns}},
    year = {1991},
    journal = {The Journal of Philosophy},
    author = {Dennett, Daniel C.},
    number = {1},
    pages = {27--51},
    volume = {88},
    url = {http://links.jstor.org/sici?sici=0022-362X%28199101%2988%3A1%3C27%3ARP%3E2.0.CO%3B2-2}
}

@book{Parfitt1984ReasonsPersons,
    title = {{Reasons and Persons}},
    year = {1984},
    author = {Parfitt, Derek},
    publisher = {Oxford University Press}
}

@techreport{Drexler2019ReframingIntelligence,
    title = {{Reframing Superintelligence: Comprehensive AI Services as General Intelligence}},
    year = {2019},
    author = {Drexler, Eric},
    institution = {Future of Humanity Institute}
}

@inproceedings{Everitt2017ReinforcementChannel,
    title = {{Reinforcement Learning with a Corrupted Reward Channel}},
    year = {2017},
    booktitle = {Proceedings of the Twenty-Sixth International Joint Conference on Artificial Intelligence},
    author = {Everitt, Tom and Krakovna, Victoria and Orseau, Laurent and Legg, Shane},
    month = {8},
    pages = {4705--4713},
    publisher = {International Joint Conferences on Artificial Intelligence Organization},
    url = {https://www.ijcai.org/proceedings/2017/656},
    address = {California},
    isbn = {9780999241103},
    doi = {10.24963/ijcai.2017/656}
}

@inproceedings{Everitt2017ReinforcementChannelb,
    title = {{Reinforcement Learning with a Corrupted Reward Channel}},
    year = {2017},
    booktitle = {Proceedings of the Twenty-Sixth International Joint Conference on Artificial Intelligence},
    author = {Everitt, Tom and Krakovna, Victoria and Orseau, Laurent and Legg, Shane},
    month = {8},
    pages = {4705--4713},
    publisher = {International Joint Conferences on Artificial Intelligence Organization},
    url = {https://www.ijcai.org/proceedings/2017/656},
    address = {California},
    isbn = {9780999241103},
    doi = {10.24963/ijcai.2017/656}
}

@article{Botvinick2019ReinforcementSlow,
    title = {{Reinforcement Learning, Fast and Slow}},
    year = {2019},
    journal = {Trends in Cognitive Sciences},
    author = {Botvinick, Matthew and Ritter, Sam and Wang, Jane X. and Kurth-Nelson, Zeb and Blundell, Charles and Hassabis, Demis},
    number = {5},
    month = {5},
    pages = {408--422},
    volume = {23},
    url = {https://linkinghub.elsevier.com/retrieve/pii/S1364661319300610},
    doi = {10.1016/j.tics.2019.02.006},
    issn = {13646613}
}

@article{Sutton1998ReinforcementIntroduction,
    title = {{Reinforcement Learning: An Introduction}},
    year = {1998},
    journal = {IEEE Transactions on Neural Networks},
    author = {Sutton, R.S. and Barto, A.G.},
    number = {5},
    month = {9},
    pages = {1054--1054},
    volume = {9},
    url = {http://ieeexplore.ieee.org/document/712192/},
    doi = {10.1109/TNN.1998.712192},
    issn = {1045-9227}
}

@article{Battaglia2018RelationalNetworks,
    title = {{Relational inductive biases, deep learning, and graph networks}},
    year = {2018},
    author = {Battaglia, Peter W. and Hamrick, Jessica B. and Bapst, Victor and Sanchez-Gonzalez, Alvaro and Zambaldi, Vinicius and Malinowski, Mateusz and Tacchetti, Andrea and Raposo, David and Santoro, Adam and Faulkner, Ryan and Gulcehre, Caglar and Song, Francis and Ballard, Andrew and Gilmer, Justin and Dahl, George and Vaswani, Ashish and Allen, Kelsey and Nash, Charles and Langston, Victoria and Dyer, Chris and Heess, Nicolas and Wierstra, Daan and Kohli, Pushmeet and Botvinick, Matt and Vinyals, Oriol and Li, Yujia and Pascanu, Razvan},
    month = {6},
    url = {http://arxiv.org/abs/1806.01261},
    arxivId = {1806.01261}
}

@article{Bengio2012RepresentationPerspectives,
    title = {{Representation Learning: A Review and New Perspectives}},
    year = {2012},
    author = {Bengio, Yoshua and Courville, Aaron and Vincent, Pascal},
    month = {6},
    url = {http://arxiv.org/abs/1206.5538},
    arxivId = {1206.5538}
}

@misc{Armstrong2019ResearchFunction,
    title = {{Research Agenda v0.9: Synthesising a human's preferences into a utility function}},
    year = {2019},
    booktitle = {AI Alignment Forum},
    author = {Armstrong, Stuart},
    url = {https://www.alignmentforum.org/posts/CSEdLLEkap2pubjof/research-agenda-v0-9-synthesising-a-human-s-preferences-into}
}

@article{Russell2015ResearchIntelligence,
    title = {{Research priorities for robust and beneficial artificial intelligence}},
    year = {2015},
    journal = {AI Magazine},
    author = {Russell, Stuart and Dewey, Daniel and Tegmark, Max},
    number = {4},
    month = {12},
    pages = {105--114},
    volume = {36},
    publisher = {AI Access Foundation},
    doi = {10.1609/aimag.v36i4.2577},
    issn = {07384602},
    arxivId = {1602.03506}
}

@article{Kounios2016ResolvingLandscapes,
    title = {{Resolving the paradox of evolvability with learning theory: How evolution learns to improve evolvability on rugged fitness landscapes}},
    year = {2016},
    author = {Kounios, Loizos and Clune, Jeff and Kouvaris, Kostas and Wagner, Günter P. and Pavlicev, Mihaela and Weinreich, Daniel M. and Watson, Richard A.},
    month = {12},
    url = {http://arxiv.org/abs/1612.05955},
    arxivId = {1612.05955}
}

@article{Everitt2019RewardPerspective,
    title = {{Reward Tampering Problems and Solutions in Reinforcement Learning: A Causal Influence Diagram Perspective}},
    year = {2019},
    author = {Everitt, Tom and Hutter, Marcus},
    month = {8},
    url = {http://arxiv.org/abs/1908.04734},
    arxivId = {1908.04734}
}

@inproceedings{Girshick2014RichSegmentation,
    title = {{Rich feature hierarchies for accurate object detection and semantic segmentation}},
    year = {2014},
    booktitle = {Computer Vision and Pattern Recognition},
    author = {Girshick, Ross and Donahue, Jeff and Darrell, Trevor and Malik, Jitendra}
}

@techreport{Hubinger2019RisksSystems,
    title = {{Risks from Learned Optimization in Advanced Machine Learning Systems}},
    year = {2019},
    author = {Hubinger, Evan and van Merwijk, Chris and Mikulik, Vladimir and Skalse, Joar and Garrabrant, Scott},
    month = {6},
    url = {https://intelligence.org/learned-optimization/},
    institution = {Machine Intelligence Research Institute},
    arxivId = {1906.01820}
}

@article{Barasz2014RobustLogic,
    title = {{Robust Cooperation in the Prisoner's Dilemma: Program Equilibrium via Provability Logic}},
    year = {2014},
    author = {Barasz, Mihaly and Christiano, Paul and Fallenstein, Benja and Herreshoff, Marcello and LaVictoire, Patrick and Yudkowsky, Eliezer},
    month = {1},
    url = {http://arxiv.org/abs/1401.5577},
    arxivId = {1401.5577}
}

@techreport{OrseauSafely,
    title = {{Safely Interruptible Agents ⇤}},
    author = {Orseau, Laurent and Armstrong, Stuart},
    url = {https://agentfoundations.org/item?id=836.}
}

@article{Leike2018ScalableDirection,
    title = {{Scalable Agent Alignment via Reward Modelling: A Research Direction}},
    year = {2018},
    author = {Leike, Jan and Krueger, David and Everitt, Tom and Martic, Miljan and Maini, Vishal and Legg, Shane},
    month = {11},
    url = {http://arxiv.org/abs/1811.07871},
    arxivId = {1811.07871}
}

@incollection{vanRiel2019ScientificReduction,
    title = {{Scientific Reduction}},
    year = {2019},
    booktitle = {The Stanford Encyclopedia of Philosophy},
    author = {van Riel, Raphael and Van Gulick, Robert},
    editor = {{Edward N. Zalta}},
    edition = {Spring 2019},
    publisher = {Metaphysics Research Lab, Stanford University},
    url = {https://plato.stanford.edu/archives/spr2019/entries/scientific-reduction/}
}

@article{etal.2011Scikit-learn:Python,
    title = {{Scikit-learn: Machine Learning in Python}},
    year = {2011},
    journal = {Journal of Machine Learning Research},
    author = {et al., Pedregosa},
    pages = {2825--2830},
    volume = {12}
}

@article{Maguire2019SeeingSurprise,
    title = {{Seeing Patterns in Randomness: A Computational Model of Surprise}},
    year = {2019},
    journal = {Topics in Cognitive Science},
    author = {Maguire, Phil and Moser, Philippe and Maguire, Rebecca and Keane, Mark T.},
    number = {1},
    month = {1},
    pages = {103--118},
    volume = {11},
    publisher = {Wiley-Blackwell},
    doi = {10.1111/tops.12345},
    keywords = {Algorithmic information theory, Bayesian reasoning, Data compression, Interestingness, Randomness deficiency, Representational updating, Stochastic model, Surprise}
}

@inproceedings{Klein2009SeL4:Kernel,
    title = {{SeL4: Formal verification of an OS kernel}},
    year = {2009},
    booktitle = {SOSP'09 - Proceedings of the 22nd ACM SIGOPS Symposium on Operating Systems Principles},
    author = {Klein, Gerwin and Elphinstone, Kevin and Heiser, Gernot and Andronick, June and Cock, David and Derrin, Philip and Elkaduwe, Dhammika and Engelhardt, Kai and Kolanski, Rafal and Norrish, Michael and Sewell, Thomas and Tuch, Harvey and Winwood, Simon},
    pages = {207--220},
    isbn = {9781605587523},
    doi = {10.1145/1629575.1629596},
    keywords = {Isabelle/HOL, L4, Microkernel, seL4}
}

@article{Grunwald2004ShannonComplexity,
    title = {{Shannon Information and Kolmogorov Complexity}},
    year = {2004},
    author = {Grunwald, Peter and Vitanyi, Paul},
    month = {10},
    url = {https://arxiv.org/abs/cs/0410002},
    arxivId = {cs/0410002}
}

@article{Milli2017ShouldObedient,
    title = {{Should Robots be Obedient?}},
    year = {2017},
    author = {Milli, Smitha and Hadfield-Menell, Dylan and Dragan, Anca and Russell, Stuart},
    month = {5},
    url = {http://arxiv.org/abs/1705.09990},
    arxivId = {1705.09990}
}

@article{Bromley1993SignatureNetwork,
    title = {{Signature Verification Using A "Siamese" Time Delay Neural Network}},
    year = {1993},
    journal = {IJPRAI},
    author = {Bromley, Jane and Bentz, James W and Bottou, Léon and Guyon, Isabelle and LeCun, Yann and Moore, Cliff and S{\"{a}}ckinger, Eduard and Shah, Roopak},
    number = {4},
    pages = {669--688},
    volume = {7}
}

@article{Baum2017SocialIntelligence,
    title = {{Social Choice Ethics in Artificial Intelligence}},
    year = {2017},
    journal = {AI and Society},
    author = {Baum, Seth D.},
    month = {9},
    pages = {1--12},
    publisher = {Springer London},
    doi = {10.1007/s00146-017-0760-1},
    keywords = {Aggregation, Artificial intelligence, Ethics, Measurement, Social choice, Standing}
}

@article{Wiener1960SomeAutomation.,
    title = {{Some Moral and Technical Consequences of Automation.}},
    year = {1960},
    journal = {Science (New York, N.Y.)},
    author = {Wiener, N},
    number = {3410},
    month = {5},
    pages = {1355--8},
    volume = {131},
    publisher = {American Association for the Advancement of Science},
    url = {http://www.ncbi.nlm.nih.gov/pubmed/17841602},
    doi = {10.1126/science.131.3410.1355},
    issn = {0036-8075},
    pmid = {17841602}
}

@techreport{OrseauSpace-TimeIntelligence,
    title = {{Space-Time Embedded Intelligence}},
    author = {Orseau, Laurent and Ring, Mark},
    url = {http://www.agroparistech.fr/mia/orseau/http://www.markring.com},
    keywords = {AIXI, Intelligence measure, bounded optimality, real-world assumptions}
}

@article{Good1966SpeculationsMachine,
    title = {{Speculations Concerning the First Ultraintelligent Machine}},
    year = {1966},
    journal = {Advances in Computers},
    author = {Good, Irving John},
    number = {C},
    pages = {31--88},
    volume = {6},
    doi = {10.1016/S0065-2458(08)60418-0},
    issn = {00652458}
}

@misc{Minsky1961StepsIntelligence,
    title = {{Steps Toward Artificial Intelligence}},
    year = {1961},
    booktitle = {Proceedings of the IRE},
    author = {Minsky, Marvin},
    number = {1},
    pages = {8--30},
    volume = {49},
    doi = {10.1109/JRPROC.1961.287775},
    issn = {00968390}
}

@book{Bostrom2014Superintelligence:Strategies,
    title = {{Superintelligence: Paths, Dangers, Strategies}},
    year = {2014},
    author = {Bostrom, Nick},
    pages = {323},
    publisher = {Oxford University Press}
}

@article{Christiano2018SupervisingExperts,
    title = {{Supervising strong learners by amplifying weak experts}},
    year = {2018},
    author = {Christiano, Paul and Shlegeris, Buck and Amodei, Dario},
    month = {10},
    url = {http://arxiv.org/abs/1810.08575},
    arxivId = {1810.08575}
}

@book{Hofstadter2012SurfacesThinking,
    title = {{Surfaces and essences : Analogy as the fuel and fire of thinking}},
    year = {2012},
    author = {Hofstadter, Douglas R. and Sander, Emmanuel.},
    publisher = {Basic Books},
    isbn = {9780465018475}
}

@article{Bahdanau2018SystematicLearned,
    title = {{Systematic Generalization: What Is Required and Can It Be Learned?}},
    year = {2018},
    author = {Bahdanau, Dzmitry and Murty, Shikhar and Noukhovitch, Michael and Nguyen, Thien Huu and de Vries, Harm and Courville, Aaron},
    month = {11},
    url = {http://arxiv.org/abs/1811.12889},
    arxivId = {1811.12889}
}

@article{Rolnick2019TacklingLearning,
    title = {{Tackling Climate Change with Machine Learning}},
    year = {2019},
    author = {Rolnick, David and Donti, Priya L. and Kaack, Lynn H. and Kochanski, Kelly and Lacoste, Alexandre and Sankaran, Kris and Ross, Andrew Slavin and Milojevic-Dupont, Nikola and Jaques, Natasha and Waldman-Brown, Anna and Luccioni, Alexandra and Maharaj, Tegan and Sherwin, Evan D. and Mukkavilli, S. Karthik and Kording, Konrad P. and Gomes, Carla and Ng, Andrew Y. and Hassabis, Demis and Platt, John C. and Creutzig, Felix and Chayes, Jennifer and Bengio, Yoshua},
    month = {6},
    url = {http://arxiv.org/abs/1906.05433},
    arxivId = {1906.05433}
}

@article{Babcock2016TheProblem,
    title = {{The AGI Containment Problem}},
    year = {2016},
    journal = {Lecture Notes in Artificial Intelligence},
    author = {Babcock, James and Kramar, Janos and Yampolskiy, Roman},
    month = {4},
    pages = {53--63},
    volume = {9782},
    url = {http://arxiv.org/abs/1604.00545 http://arxiv.org/abs/1604.00545},
    doi = {10.1007/978-3-319-41649-6},
    arxivId = {1604.00545}
}

@techreport{Everitt2018TheLearners,
    title = {{The Alignment Problem for Bayesian History-Based Reinforcement Learners}},
    year = {2018},
    author = {Everitt, Tom and Hutter, Marcus},
    url = {https://www.tomeveritt.se/papers/alignment.pdf},
    institution = {DeepMind, Australian National University}
}

@book{Gentner2001TheScience,
    title = {{The Analogical Mind: Perspectives from Cognitive Science}},
    year = {2001},
    author = {Gentner, Dedre and Holyoak, Keith J and Kokinov, Boicho N and Bassok, Miriam and Boronat, Consuelo and Bowdle, Brian F and Costello, Fintan and Dunbar, Kevin and Fauconnier, Gilles and Forbus, Kenneth D and Goswami, Usha and Gray, Brett and Halford, Graeme S and Hofstadter, Douglas R and Hummel, John E and Keane, Mark T and Markman, Arthur B and Moreau, C Page and Oden, David L and Petrov, Alexander A and Philips, Steven and Premack, David and Shelley, Cameron and Thagard, Paul and Thompson, Roger K R and Wilson, William H and Wolff, Phillip},
    publisher = {Massachusetts Institute of Technology Press},
    address = {Cambridge, Massachusetts}
}

@article{Omohundro2008TheDrives,
    title = {{The Basic AI Drives}},
    year = {2008},
    journal = {AGI},
    author = {Omohundro, Stephen M},
    pages = {483--492},
    volume = {171},
    keywords = {Artificial Intelligence, Cognitive Drives, Rational Economic Behavior, Self-Improving Systems, Utility Engineering}
}

@book{Pearl2018TheEffect,
    title = {{The Book of Why: The New Science of Cause and Effect}},
    year = {2018},
    author = {Pearl, Judea and Mackenzie, Dana},
    publisher = {Basic Books},
    isbn = {046509760X}
}

@article{Vinge1993TheEra,
    title = {{The coming technological singularity: How to survive in the post-human era}},
    year = {1993},
    journal = {NASA. Lewis Research Center, Vision 21: Interdisciplinary Science and Engineering in the Era of Cyberspace},
    author = {Vinge, Vernor},
    isbn = {01917811}
}

@article{Blum2017ThePasswords,
    title = {{The Complexity of Human Computation: A Concrete Model with an Application to Passwords}},
    year = {2017},
    author = {Blum, Manuel and Vempala, Santosh},
    month = {7},
    url = {http://arxiv.org/abs/1707.01204},
    arxivId = {1707.01204}
}

@book{Flake1998TheAdaptation,
    title = {{The computational beauty of nature : computer explorations of fractals, chaos, complex systems, and adaptation}},
    year = {1998},
    author = {Flake, Gary William.},
    pages = {493},
    publisher = {MIT Press},
    isbn = {9780262062008}
}

@incollection{Marian2016TheTruth,
    title = {{The Correspondence Theory of Truth}},
    year = {2016},
    booktitle = {The Stanford Encyclopedia of Philosophy},
    author = {Marian, David},
    editor = {Zalta, Edward N.},
    edition = {Fall 2016},
    publisher = {Metaphysics Research Lab, Stanford University},
    isbn = {0-87548-354-2},
    doi = {10.1111/1467-9973.00225}
}

@article{Shugan1980TheThinking,
    title = {{The Cost of Thinking}},
    year = {1980},
    journal = {Journal of Consumer Research},
    author = {Shugan, Steven M.},
    number = {2},
    month = {9},
    pages = {99},
    volume = {7},
    url = {https://academic.oup.com/jcr/article-lookup/doi/10.1086/208799},
    doi = {10.1086/208799},
    issn = {0093-5301}
}

@book{Strunk1935TheStyle,
    title = {{The Elements of Style}},
    year = {1935},
    author = {Strunk, William},
    edition = {4},
    publisher = {Macmillan Publishing Co.},
    url = {http://www.jlakes.org/ch/web/The-elements-of-style.pdf}
}

@article{Armstrong2014TheFuture,
    title = {{The errors, insights and lessons of famous AI predictions – and what they mean for the future}},
    year = {2014},
    journal = {Journal of Experimental {\&} Theoretical Artificial Intelligence},
    author = {Armstrong, Stuart and Sotala, Kaj and {\'{O}} h{\'{E}}igeartaigh, Seán S.},
    number = {3},
    month = {7},
    pages = {317--342},
    volume = {26},
    url = {https://www.tandfonline.com/doi/full/10.1080/0952813X.2014.895105},
    doi = {10.1080/0952813X.2014.895105},
    issn = {0952-813X}
}

@article{Axelrod1981TheCooperation,
    title = {{The evolution of cooperation}},
    year = {1981},
    journal = {Science},
    author = {Axelrod, R and Hamilton, WD},
    number = {4489},
    month = {3},
    pages = {1390--1396},
    volume = {211},
    publisher = {American Association for the Advancement of Science},
    url = {http://science.sciencemag.org/content/211/4489/1390},
    doi = {10.1126/SCIENCE.7466396},
    issn = {0036-8075},
    pmid = {7466396}
}

@article{Trivers1971TheAltruism,
    title = {{The Evolution of Reciprocal Altruism}},
    year = {1971},
    journal = {The Quarterly Review of Biology},
    author = {Trivers, Robert},
    number = {1},
    pages = {35--37},
    volume = {46},
    url = {https://www.jstor.org/stable/2822435}
}

@article{Lenski2003TheFeatures,
    title = {{The evolutionary origin of complex features}},
    year = {2003},
    journal = {Nature},
    author = {Lenski, Richard E. and Ofria, Charles and Pennock, Robert T. and Adami, Christoph},
    number = {6936},
    month = {5},
    pages = {139--144},
    volume = {423},
    publisher = {Nature Publishing Group},
    url = {http://www.nature.com/articles/nature01568},
    doi = {10.1038/nature01568},
    issn = {0028-0836},
    keywords = {Humanities and Social Sciences, Science, multidisciplinary}
}

@article{Harrison2015TheTranshumanism,
    title = {{The History of ‘Transhumanism’}},
    year = {2015},
    journal = {Notes and Queries},
    author = {Harrison, Peter and Wolyniak, Joseph},
    number = {3},
    month = {9},
    pages = {465--467},
    volume = {62},
    publisher = {Narnia},
    doi = {10.1093/notesj/gjv080},
    issn = {0029-3970}
}

@article{Schupbach2011ThePower,
    title = {{The Logic of Explanatory Power}},
    year = {2011},
    journal = {Philosophy of Science},
    author = {Schupbach, Jonah N. and Sprenger, Jan},
    number = {1},
    month = {1},
    pages = {105--127},
    volume = {78},
    doi = {10.1086/658111}
}

@article{Miller1956TheInformation,
    title = {{The Magical Number Seven, Plus or Minus Two: Some Limits on our Capacity for Processing Information}},
    year = {1956},
    journal = {Psychological Review},
    author = {Miller, George A.},
    number = {2},
    month = {3},
    pages = {81--97},
    volume = {63},
    doi = {10.1037/h0043158},
    pmid = {8022966},
    keywords = {INFORMATION THEORY, HUMAN LIMITS LANGUAGE {\&} COMMUNICATION}
}

@article{Akerlof1970TheMechanism,
    title = {{The Market for "Lemons": Quality Uncertainty and Market Mechanism}},
    year = {1970},
    journal = {The Quarterly Journal of Economics},
    author = {Akerlof, George A.},
    number = {3},
    pages = {488--500},
    volume = {84},
    url = {http://www.jstor.org/stable/1879431}
}

@article{Hobaiter2014TheGestures.,
    title = {{The meanings of chimpanzee gestures.}},
    year = {2014},
    journal = {Current biology : CB},
    author = {Hobaiter, Catherine and Byrne, Richard W},
    number = {14},
    month = {7},
    pages = {1596--1600},
    volume = {24},
    publisher = {Elsevier},
    url = {http://www.ncbi.nlm.nih.gov/pubmed/24998524},
    doi = {10.1016/j.cub.2014.05.066},
    issn = {1879-0445},
    pmid = {24998524}
}

@article{Escolano2017TheGraphs,
    title = {{The Mutual Information Between Graphs}},
    year = {2017},
    journal = {Pattern Recognition Letters},
    author = {Escolano, Francisco and Hancock, Edwin R. and Lozano, Miguel A. and Curado, Manuel},
    month = {2},
    pages = {12--19},
    volume = {87},
    publisher = {Elsevier B.V.},
    doi = {10.1016/j.patrec.2016.07.012},
    keywords = {Graph entropy, Manifold alignment, Mutual information}
}

@article{Lipton2018TheInterpretability,
    title = {{The Mythos of Model Interpretability}},
    year = {2018},
    journal = {Communications of the ACM},
    author = {Lipton, Zachary C.},
    number = {10},
    month = {10},
    pages = {35--43},
    volume = {61},
    publisher = {Association for Computing Machinery},
    doi = {10.1145/3233231},
    arxivId = {1606.03490}
}

@article{Walt2011TheComputation,
    title = {{The NumPy array: a structure for efficient numerical computation}},
    year = {2011},
    journal = {Computing in Science {\&} Engineering},
    author = {Walt, Stéfan van der and Colbert, S Chris and Varoquaux, Gael},
    number = {2},
    pages = {22--30},
    volume = {13},
    publisher = {IEEE}
}

@inproceedings{Hadfield-Menell2017TheGame,
    title = {{The Off-Switch Game}},
    year = {2017},
    booktitle = {Proceedings of the Twenty-Sixth International Joint Conference on Artificial Intelligence},
    author = {Hadfield-Menell, Dylan and Dragan, Anca and Abbeel, Pieter and Russell, Stuart},
    month = {8},
    pages = {220--227},
    publisher = {International Joint Conferences on Artificial Intelligence Organization},
    url = {https://www.ijcai.org/proceedings/2017/32},
    address = {California},
    isbn = {9780999241103},
    doi = {10.24963/ijcai.2017/32}
}

@article{Hadfield-Menell2016TheGame,
    title = {{The Off-Switch Game}},
    year = {2016},
    author = {Hadfield-Menell, Dylan and Dragan, Anca and Abbeel, Pieter and Russell, Stuart},
    month = {11},
    url = {http://arxiv.org/abs/1611.08219},
    arxivId = {1611.08219}
}

@article{Rosenblatt1958TheBrain.,
    title = {{The perceptron: A probabilistic model for information storage and organization in the brain.}},
    year = {1958},
    journal = {Psychological review},
    author = {Rosenblatt, Frank},
    number = {6},
    pages = {386},
    volume = {65},
    publisher = {American Psychological Association}
}

@book{Heider1958TheRelations,
    title = {{The Psychology of Interpersonal Relations}},
    year = {1958},
    author = {Heider, Fritz},
    publisher = {Lawrence Erlbaum Associates},
    isbn = {0-89859-282-8}
}

@incollection{Muehlhauser2012TheEthics,
    title = {{The Singularity and Machine Ethics}},
    year = {2012},
    author = {Muehlhauser, Luke and Helm, Louie},
    pages = {101--126},
    url = {http://link.springer.com/10.1007/978-3-642-32560-1_6},
    doi = {10.1007/978-3-642-32560-1{\_}6}
}

@misc{Lombrozo2006TheExplanations,
    title = {{The structure and function of explanations}},
    year = {2006},
    booktitle = {Trends in Cognitive Sciences},
    author = {Lombrozo, Tania},
    number = {10},
    month = {10},
    pages = {464--470},
    volume = {10},
    doi = {10.1016/j.tics.2006.08.004},
    issn = {13646613}
}

@article{Bostrom2012TheAgents,
    title = {{The superintelligent will: Motivation and instrumental rationality in advanced artificial agents}},
    year = {2012},
    journal = {Minds and Machines},
    author = {Bostrom, Nick},
    number = {2},
    month = {5},
    pages = {71--85},
    volume = {22},
    doi = {10.1007/s11023-012-9281-3},
    issn = {09246495},
    keywords = {AI, Artificial intelligence, Goal, Instrumental reason, Intelligent agent, Superintelligence}
}

@article{Lehman2018TheCommunities,
    title = {{The Surprising Creativity of Digital Evolution: A Collection of Anecdotes from the Evolutionary Computation and Artificial Life Research Communities}},
    year = {2018},
    author = {Lehman, Joel and Clune, Jeff and Misevic, Dusan and Adami, Christoph and Altenberg, Lee and Beaulieu, Julie and Bentley, Peter J. and Bernard, Samuel and Beslon, Guillaume and Bryson, David M. and Chrabaszcz, Patryk and Cheney, Nick and Cully, Antoine and Doncieux, Stephane and Dyer, Fred C. and Ellefsen, Kai Olav and Feldt, Robert and Fischer, Stephan and Forrest, Stephanie and Fr{\'{e}}noy, Antoine and Gagn{\'{e}}, Christian and Goff, Leni Le and Grabowski, Laura M. and Hodjat, Babak and Hutter, Frank and Keller, Laurent and Knibbe, Carole and Krcah, Peter and Lenski, Richard E. and Lipson, Hod and MacCurdy, Robert and Maestre, Carlos and Miikkulainen, Risto and Mitri, Sara and Moriarty, David E. and Mouret, Jean-Baptiste and Nguyen, Anh and Ofria, Charles and Parizeau, Marc and Parsons, David and Pennock, Robert T. and Punch, William F. and Ray, Thomas S. and Schoenauer, Marc and Shulte, Eric and Sims, Karl and Stanley, Kenneth O. and Taddei, François and Tarapore, Danesh and Thibault, Simon and Weimer, Westley and Watson, Richard and Yosinski, Jason},
    month = {3},
    url = {http://arxiv.org/abs/1803.03453},
    arxivId = {1803.03453}
}

@inproceedings{Soares2016TheIntelligence,
    title = {{The Value Learning Problem In: Ethics for Artificial Intelligence}},
    year = {2016},
    booktitle = {Ethics for Artificial Intelligence Workshop at 25th International Joint Conference on Artificial Intelligence},
    author = {Soares, Nate},
    url = {https://intelligence.org/files/ValueLearningProblem.pdf}
}

@article{Hochreiter1998TheSolutions,
    title = {{The vanishing gradient problem during learning recurrent neural nets and problem solutions}},
    year = {1998},
    journal = {International Journal of Uncertainty, Fuzziness and Knowledge-Based Systems},
    author = {Hochreiter, Sepp},
    number = {02},
    pages = {107--116},
    volume = {6},
    publisher = {World Scientific}
}

@book{Godfrey-Smith2003TheoryScience,
    title = {{Theory and Reality: An Introduction to the Philosophy of Science}},
    year = {2003},
    author = {Godfrey-Smith, Peter},
    pages = {272},
    publisher = {The University Of Chicago Press},
    address = {London and Chicago},
    isbn = {0226300633}
}

@book{Morgenstern1953TheoryBehavior,
    title = {{Theory of games and economic behavior}},
    year = {1953},
    author = {Morgenstern, Oskar and von Neumann, John},
    publisher = {Princeton University Press}
}

@article{Doshi-Velez2017TowardsLearning,
    title = {{Towards A Rigorous Science of Interpretable Machine Learning}},
    year = {2017},
    author = {Doshi-Velez, Finale and Kim, Been},
    month = {2},
    url = {http://arxiv.org/abs/1702.08608},
    arxivId = {1702.08608}
}

@article{Garnelo2016TowardsLearning,
    title = {{Towards Deep Symbolic Reinforcement Learning}},
    year = {2016},
    author = {Garnelo, Marta and Arulkumaran, Kai and Shanahan, Murray},
    month = {9},
    url = {http://arxiv.org/abs/1609.05518},
    arxivId = {1609.05518}
}

@phdthesis{Everitt2018TowardsIntelligence,
    title = {{Towards Safe Artificial General Intelligence}},
    year = {2018},
    author = {Everitt, Tom},
    url = {https://www.tomeveritt.se/papers/2018-thesis.pdf},
    school = {Australian National University}
}

@article{Dvijotham2018TrainingVerifiers,
    title = {{Training verified learners with learned verifiers}},
    year = {2018},
    author = {Dvijotham, Krishnamurthy and Gowal, Sven and Stanforth, Robert and Arandjelovic, Relja and O'Donoghue, Brendan and Uesato, Jonathan and Kohli, Pushmeet},
    month = {5},
    url = {http://arxiv.org/abs/1805.10265},
    arxivId = {1805.10265}
}

@article{Andreas2017TranslatingNeuralese,
    title = {{Translating Neuralese}},
    year = {2017},
    author = {Andreas, Jacob and Dragan, Anca and Klein, Dan},
    month = {4},
    url = {http://arxiv.org/abs/1704.06960},
    arxivId = {1704.06960}
}

@techreport{Kass1987TypesExplanation,
    title = {{Types of Explanation}},
    year = {1987},
    author = {Kass, Alex and Leake, David},
    institution = {Defense Technical Information Center, U.S. Dept. of Defense}
}

@article{Everitt2019UnderstandingSettings,
    title = {{Understanding Agent Incentives using Causal Influence Diagrams. Part I: Single Action Settings}},
    year = {2019},
    author = {Everitt, Tom and Ortega, Pedro A. and Barnes, Elizabeth and Legg, Shane},
    month = {2},
    url = {http://arxiv.org/abs/1902.09980},
    arxivId = {1902.09980}
}

@article{Yampolskiy2019UnexplainabilityIntelligence,
    title = {{Unexplainability and Incomprehensibility of Artificial Intelligence}},
    year = {2019},
    author = {Yampolskiy, Roman V.},
    month = {6},
    url = {http://arxiv.org/abs/1907.03869},
    arxivId = {1907.03869}
}

@book{Hutter2005UniversalProbability,
    title = {{Universal artificial intelligence: Sequential decisions based on algorithmic probability}},
    year = {2005},
    author = {Hutter, Marcus},
    pages = {278},
    publisher = {Springer-Verlag Berlin Heidelberg},
    isbn = {978-3-540-22139-5},
    doi = {10.1007/b138233}
}

@article{Legg2007UniversalIntelligence,
    title = {{Universal Intelligence: A Definition of Machine Intelligence}},
    year = {2007},
    author = {Legg, Shane and Hutter, Marcus},
    month = {12},
    url = {http://arxiv.org/abs/0712.3329},
    arxivId = {0712.3329}
}

@article{Legg2007UniversalIntelligenceb,
    title = {{Universal Intelligence: A Definition of Machine Intelligence}},
    year = {2007},
    journal = {Minds and Machines},
    author = {Legg, Shane and Hutter, Marcus},
    number = {4},
    month = {11},
    pages = {391--444},
    volume = {17},
    url = {http://link.springer.com/10.1007/s11023-007-9079-x},
    doi = {10.1007/s11023-007-9079-x},
    issn = {0924-6495}
}

@article{Yampolskiy2019UnpredictabilityAI,
    title = {{Unpredictability of AI}},
    year = {2019},
    author = {Yampolskiy, Roman V.},
    month = {5},
    url = {http://arxiv.org/abs/1905.13053},
    arxivId = {1905.13053}
}

@article{SinghUsingClassification,
    title = {{Using Convolutional Neural Networks and Transfer Learning to Perform Yelp Restaurant Photo Classification}},
    author = {Singh, Diveesh and Garzon, Pedro}
}

@article{Bastani2018VerifiableExtraction,
    title = {{Verifiable Reinforcement Learning via Policy Extraction}},
    year = {2018},
    author = {Bastani, Osbert and Pu, Yewen and Solar-Lezama, Armando},
    month = {5},
    url = {http://arxiv.org/abs/1805.08328},
    arxivId = {1805.08328}
}

@book{Marr1982Vision:Information,
    title = {{Vision: A Computational Investigation into the Human Representation and Processing of Visual Information}},
    year = {1982},
    author = {Marr, David},
    publisher = {W. H. Freeman and Company},
    isbn = {0-7167-1284-9}
}

@article{Lettvin1959WhatBrain,
    title = {{What the Frog's Eye Tells the Frog's Brain}},
    year = {1959},
    journal = {Proceedings of the IRE},
    author = {Lettvin, J. and Maturana, H. and McCulloch, W. and Pitts, W.},
    number = {11},
    month = {11},
    pages = {1940--1951},
    volume = {47},
    doi = {10.1109/JRPROC.1959.287207}
}

@book{Lakoff2000WhereFrom,
    title = {{Where Mathematics Comes From}},
    year = {2000},
    author = {Lakoff, George and N{\'{u}}{\~{n}}ez, Rafael E},
    publisher = {Basic Books}
}

@article{Chollet2016Xception:Convolutions,
    title = {{Xception: Deep Learning with Depthwise Separable Convolutions}},
    year = {2016},
    journal = {arXiv preprint arXiv:1610.02357},
    author = {Chollet, François}
}